@Article{Einstein,
  author =       "Albert Einstein",
  title =        "{Zur Elektrodynamik bewegter K{\"o}rper}. ({German})
                 [{On} the electrodynamics of moving bodies]",
  journal =      "Annalen der Physik",
  volume =       "322",
  number =       "10",
  pages =        "891--921",
  year =         "1905",
  DOI =          "http://dx.doi.org/10.1002/andp.19053221004"
} 

@article{modg,
	author=		"Simpson et al",
	title=		"{CFHTLenS: Testing the Laws of Gravity with Tomographic Weak Lensing and Redshift Space Distortion}",
	journal=	"arXiv: astro-ph/1212.3339v1",
	year=		"2012",
}

@article{Ma1995,
	author=		"Chung-Pei Ma and Edmund Bertschinger",
	title= 		"Cosmological Perturbation Theory in the Synchronous and Conformal Newtonian Gauges",
	journal=	"The Astrophysical Journal",
	year=		"1995",
	volume=		"455",
	pages=		"7-25",
	month=		"December",
        eprint=         "arXiv: astro-ph/9506072",
}

@article{sourcecounts,
	author=		"Anthony Challinor and Antony Lewis",
	title=		"The linear power spectrum of observed source number counts",
	journal=	"Physical Review D.",
	year=		"2011",
	volume=		"84",
	month=		"August",
}

@book{dod,
	title = 	"Modern Cosmology",
	edition = 	"First",
	author = 	"Scott Dodelson",
	publisher = 	"Elsevier",
	year =		"2003",
}

@article{schmidt,
	author=		"Fabian Schmidt",
	title=		"Weak lensing probes of modified gravity",
	journal=	"Physical Review D",
	year=		"2008",	
	volume=		"78",	
	month=		"August",
	number=		"Issue 4",
}

@article{thomas,
	author=		"Shaun A. Thomas and Filipe B. Abdalla and Jochen Weller",
	title=		"Constraining modified gravity and growth with weak lensing",
	journal=	"Monthly Notices of the Royal Astronomical Society",
	year=		"2009",
	volume=		"395",
	number=		"1",
	pages=		"197-209",
	month=		"May",
}

@article{zhang,
	author=		"Pengjie Zhang and Michele Liguori and Rachel Bean and Scott Dodelson",
	title=		"Probing Gravity at Cosmological Scales by Measurements which Test the Relationship between Gravitational Lensing and Matter Overdensity",
	journal=	"Physical Review Letters",
	volume=		"99",
	number=		"14",	
	year=		"2007",
	month=		"October",
}

@article{Huterer2007,
	author=		"Dragan Huterer and Eric V. Linder",
	title=		"Separating dark physics from physical darkness: Minimalist modified gravity versus dark energy",
	journal=	"Physical Review D",
	volume=		"75",
	number=		"2",
	year=		"2007",
	month=		"January",
        eprint=         "arXiv: astro-ph/0608681",
}

@article{amendola,
	author=		"Luca Amendola and Martin Kunz and Domenico Sapone",
	title=		"Measuring the dark side (with weak lensing)",
	journal=	"Journal of Cosmology and Astroparticle Physics",
	volume=		"2008",
	year=		"2008",
	month=		"April",
}

@article{reyes,
	author=		"Reinabelle Reyes and Rachel Mandelbaum and Uros Seljak and Tobias Baldauf and James E. Gunn and Lucas Lombriser and Robert E. Smith",
	title=		"Confirmation of general relativity on large scales from weak lensing and galaxy velocities",
	journal=	"Nature",
	volume=		"464",
	year=		"2010",	
	month=		"March",
	pages=		"256-258",
}

@article{heavens,
	author=		"A. F. Heavens and T. D. Kitching and L. Verde",
	title=		"On model selection forecasting, dark energy and modified gravity",
	journal=	"Monthly Notices of the Royal Astronomical Society",
	volume=		"380",
	number=		"3",
	year=		"2007",
	month=		"September",
	pages=		"1029-1035",
}

@article{white,
	author=		"Martin White and C. S. Kochanek",
	title=		"Constraints on the Long-Range Properties of Gravity from Weak Gravitational Lensing",
	journal=	"The Astrophysical Journal",
	volume=		"560",
	number=		"2",
	year=		"2001",
	month=		"October",
}

@article{Clifton2011,
	author=		"Timothy Clifton and Pedro Ferreira and Antonio Padilla and Constantinos Skordis",
	title=		"Modified Gravity and Cosmology",
	journal=	"Physics Reports",
	volume=		"513",
	number=		"1-3",
	year=		"2012",
	month=		"March",
	eprint=		"arXiv: 1106.2476",
	archivePrefix  = "arXiv",
    primaryClass   = "astro-ph",
	
}

@article{chamgrav,
	author=		"T. P. Waterhouse",
	title=		"An Introduction to Chameleon Gravity",
	journal=	"arXiv:  astro-ph/0611816",
	year=		"2006",
}

@article{bransdicke,
	author=		"C. Brans and R. H. Dicke",
	title=		"Mach's principle and a relativistic theory of gravitation",
	journal=	"Phys. Rev.",
	year=		"1961",
        volume=		"124",
        pages=          "925-935",
}

@article{kaluza,
	author=		"D. Bailin and A. Love",
	title=		"Kaluza-Klein Theories",
	journal=	"Rep. Prog. Phys.",
	year=		"1987",
        volume=		"50",
        pages=          "1087-1170",
}
	
@article{Dvali2000,
	author=		"G. R. Dvali and G. Gabadadze and M. Porrati",
	title=		"4D gravity on a brane in 5D Minkowski space",
	journal=	"Physics Letters B",
	year=		"2000",
        volume=		"B485",
        pages=          "208-214",
        eprint=         "arXiv: hep-th/0005016",
}

@article{Sotiriou2010,
	author=		"T. P. Sotiriou and V. Faraoni",
	title=		"f(R) theories of gravity",
	journal=	"Reviews of Modern Physics.",
	year=		"2010",
        volume=		"82",
        pages=          "451-497",
        eprint=         "arXiv: 0805.1726",
}

@article{horlif,
	author=		"T. P. Sotiriou",
	title=		"Ho{\u r}ava-Lifshitz gravity: a status report",
	journal=	"arXiv:  hep-th/1010.3218",
	year=		"2010",
}

@article{halomasses,
	author=		"Rachel Mandelbaum and Cheng Li and Guinevere Kauffmann and Simon White",
	title=		"Halo masses for optically-selected and for radio-loud AGN from clustering and galaxy-galaxy lensing",
	journal=	"Monthly Notices of the Royal Astronomical Society",
	year=		"2009",
        volume=		"393",
        number=         "2",
        pages=          "377-392",
}

@article{hutegmark,
	author=		"Wayne Hu and Max Tegmark",
	title=		"Weak Lensing: Prospects for Parameter Estimation",
	journal=	"The Astrophysical Journal Letters",
	year=		"1999",
        volume=		"514",
        number=         "2",
}

@article{Hamilton1991,
	author=		"A J S Hamilton and P Kumar and Edward Lu and Alex Matthews",
	title=		"Reconstructing the Primordial Spectrum of Fluctuations in the Universe From the Observed Non-Linear Clustering of Galaxies",
	journal=	"The Astrophysical Journal",
	year=		"1991",
        volume=		"374",
        month=          "June",
}

@article{peacockdodds,
	author=		"J A Peacock and S J Dodds",
	title=		"Nonlinear evolution of cosmological power spectra",
	journal=	"Monthly Notices of the Royal Astronomical Society",
	year=		"1996",
        volume=		"280",
        number=         "3",
        month=          "March",
}

@article{baryonswhite,
	author=		"Martin White",
	title=		"Baryons and Weak Lensing Power Spectra",
	journal=	"Astroparticle Physics",
	year=		"2004",
        volume=		"22",
        number=         "2",
        pages=          "211-217",
}
	
@article{kaiser,
	author=		"Nick Kaiser",
	title=		"Weak Gravitational Lensing of Distant Galaxies",
	journal=	"The Astrophysical Journal",
	year=		"1992",
        volume=		"388",
        number=         "2",
        pages=          "272-286",
        month=          "April",
}

@article{rachelbean,
	author=		"Rachel Bean and Matipon Tangmatitham",
	title=		"Current constraints on the cosmic growth history",
	journal=	"Physical Review D",
	year=		"2010",
        volume=		"81",
        number=         "8",
        month=          "April",
}

@article{Smith2003,
		author=		"R E Smith and J A Peacock and A Jenkins and S D M White and C S Frenk and F R Pearce and P A Thomas and G Efstathiou and H M P Couchman",
		title=		"Stable clustering, the halo model and non-linear cosmological power spectra",
		journal=	"Monthly Notices of the Royal Astronomical Society",
		year=		"2003",
        volume=		"341",
        number=         "4",
        month=          "June",
        eprint=		"arXiv: astro-ph/0207664",
        archivePrefix  = "arXiv",
    	primaryClass   = "astro-ph",
        
}

@article{Kaiser2000,
	author=		"Nick Kaiser",
	title=		"Weak Lensing and Cosmology",
	journal=	"The Astrophysical Journal",
	year=		"2000",
        volume=		"999",
        month=          "January",
}

@article{iswgravrad,
	author=		"Pablo Laguna and Shane Larson and David Spergel and Nicolas Yunes",
	title=		"Integrated Sachs-Wolfe Effect for Gravitational Radiation",
	journal=	"The Astrophysical Journal",
	year=		"2010",
        volume=		"715",
        issue=          "1",
}

@article{sachswolfe,
	author=		"R K Sachs and A M Wolfe",
	title=		"Perturbations of a Cosmological Model and Angular Variations of the Cosmic Microwave Background",
	journal=	"The Astrophysical Journal",
	year=		"1967",
        volume=		"147",
}

@article{niayeshisw,
	author=		"Niayesh Afshordi",
	title=		"Integrated Sachs-Wolfe effect in Cross-Correlation: The Observerâ€™s Manual",
	journal=	"Physical Review D",
	year=		"2004",
        volume=		"70",
        issue=          "8",
}

@article{hobbspulsars,
	author=		"G Hobbs et al",
	title=		"The International Pulsar Timing Array Project: using pulsars as gravitational wave detectors",
	journal=	"Classical and Quantum Gravity",
	year=		"2010",
        volume=		"27",
        issue=          "8",
}

@article{hellingsdowns,
	author=		"R W Hellings and G S Downs",
	title=		"Upper Limits on the Isotropic Gravitational Radiation Background from Pulsar Timing Arrays",
	journal=	"The Astrophysical Journal",
	year=		"1983",
        volume=		"265",
}

@article{kilbinger,
	author=		"Martin Kilbinger et al",
	title=		"CFHTLenS: Combined probe cosmological model comparison using 2D weak gravitational lensing",
	journal=	"Monthly Notices of the Royal Astronomical Society",
	year=		"2013",
        month=          "January",
        volume=		"430",
        issue=          "3",
}

@article{hydra,
	author=		"Tom MacFarland and H M P Couchman and F R Pearce and Jakob Pichlmeier",
	title=		"A new paralel P3M code for very large scale cosmological simulations",
	journal=	"New Astronomy",
	year=		"1998",
        month=          "December",
        volume=		"3",
        issue=          "8",
}

@article{Hulensing,
	author=		"Wayne Hu",
	title=		"Weak Lensing of the CMB: A harmonic approach",
	journal=	"Phyical Review D",
	year=		"2000",
        month=          "July",
        volume=		"62",
        issue=          "4",
}

@article{lewislensing,
	author=		"Antony Lewis and Anthony Challinor",
	title=		"Weak Gravitational Lensing of the CMB",
	journal=	"Physics Reports",
	year=		"2006",
        month=          "June",
        volume=		"429",
        issue=          "1",
}

@article{Callin2006,
	author=		"Peter Callin",
	title=		"How to calculate the CMB spectrum",
	eprint =	"arXiv: astro-ph/0606683",
        journal=        "arXiv e-prints",
        year=           "2006",
}

@article{mandelbaum2012,
	author=		"Rachel Mandelbaum and Anze Slosar and Tobias Baldauf and Uros Seljak and Chritopher M. Hirata and Reiko Nakajima and Reinabelle Reyes and Robert E. Smith",
	title=		"Weak Gravitational Lensing",
	journal=	"arXiv:  1207.1120",
        year=           "2012",
}

@article{Mandelbaum2005,
		author=		"Rachel Mandelbaum and Christopher M. Hirata and Uros Seljak and Jacek Guzik and Nikhil Padmanabhan and Cullen Blake and Michael R. Blanton and Robert Lupton and Jonathan Brinkmann",
		title=		"Systematic errors in weak lensing: application to SDSS galaxy-galalxy weak lensing",
		journal=	"Monthly Notices of the Royal Astronomical Society",
		year=		"2005",
        month=          "August",
        volume=		"361",
        issue=          "4",
		eprint=		"arXiv: astro-ph/0501201",
		archivePrefix  = "arXiv",
    	primaryClass   = "astro-ph",
}

@article{Guzik2000,
		author=		"Jacek Guzik and Uros Seljak",
		title=		"Galaxy-dark matter correlations applied to galaxy-galaxy lensing: predictions from the semi-analytic galaxy formation models",
		journal=	"Monthly Notices of the Royal Astronomical Society",
		year=		"2002",
        month=          "April",
        volume=		"321",
        issue=          "3",
		eprint=		"arXiv: astro-ph/0007067",
		archivePrefix  = "arXiv",
    	primaryClass   = "astro-ph",
}


@article{Riess1998,
      author         = "Riess, Adam G. and others",
      title          = "{Observational evidence from supernovae for an accelerating universe and a cosmological constant}",
      journal        = "The Astronomical Journal",
      volume         = "116",
      year           = "1998",
      pages          = "1009-1038",
      doi            = "10.1086/300499",
      eprint         = "arXiv: astro-ph/9805201",
      archivePrefix  = "arXiv",
      primaryClass   = "astro-ph",
}


@article{CAMB,
	author=		"Antony Lewis and Anthony Challinor and Anthony Lasenby",
	title=		"Efficient Computation of Cosmic Microwave Background Anisotropies in Closed Friedmann-Robertson-Walker Models",
	journal=	"The Astrophysical Journal",
	year=		"2000",
	volume=		"538",
	issue=		"2",
        eprint=         "arXiv: astro-ph/9911177",
	
}

@article{planck,
	author=		"Planck Collaboration",
	title=		"Planck 2013 results. I. Overview of products and scientific results",
	journal=	"arXiv:  astro-ph/1303.5062",
        year=           "2013",
        month=          "March",
}

@article{Tegmark2006,
  	title = {Cosmological constraints from the SDSS luminous red galaxies},
  	author = {Tegmark, Max and Eisenstein, Daniel J. and Strauss, Michael A. and Weinberg, David H. and Blanton, Michael R. and Frieman, Joshua A. and Fukugita, Masataka and Gunn, James E. and Hamilton, Andrew J. S. and Knapp, Gillian R. and Nichol, Robert C. and Ostriker, Jeremiah P. and Padmanabhan, Nikhil and Percival, Will J. and Schlegel, David J. and Schneider, Donald P. and Scoccimarro, Roman and Seljak, Uro\ifmmode \check{s}\else \v{s}\fi{} and Seo, Hee-Jong and Swanson, Molly and Szalay, Alexander S. and Vogeley, Michael S. and Yoo, Jaiyul and Zehavi, Idit and Abazajian, Kevork and Anderson, Scott F. and Annis, James and Bahcall, Neta A. and Bassett, Bruce and Berlind, Andreas and Brinkmann, Jon and Budavari, Tam\'as and Castander, Francisco and Connolly, Andrew and Csabai, Istvan and Doi, Mamoru and Finkbeiner, Douglas P. and Gillespie, Bruce and Glazebrook, Karl and Hennessy, Gregory S. and Hogg, David W. and Ivezi\ifmmode \acute{c}\else \'{c}\fi{}, \ifmmode \check{Z}\else \v{Z}\fi{}eljko and Jain, Bhuvnesh and Johnston, David and Kent, Stephen and Lamb, Donald Q. and Lee, Brian C. and Lin, Huan and Loveday, Jon and Lupton, Robert H. and Munn, Jeffrey A. and Pan, Kaike and Park, Changbom and Peoples, John and Pier, Jeffrey R. and Pope, Adrian and Richmond, Michael and Rockosi, Constance and Scranton, Ryan and Sheth, Ravi K. and Stebbins, Albert and Stoughton, Christopher and Szapudi, Istv\'an and Tucker, Douglas L. and Berk, Daniel E. Vanden and Yanny, Brian and York, Donald G.},
  	journal = {Physical Review D},
  	volume = {74},
  	issue = {12},
  	pages = {123507},
  	numpages = {34},
  	year = {2006},
  	month = {Dec},
  	publisher = {American Physical Society},
  	doi = {10.1103/PhysRevD.74.123507},
  	url = {http://link.aps.org/doi/10.1103/PhysRevD.74.123507},
  	eprint = {arXiv:  astro-ph/0608632},
}


@article{Baldauf2010,
	author=		"Tobias Baldauf and Robert E. Smith and UroÅ¡ Seljak and Rachel Mandelbaum",
	title=		"Algorithm for the direct reconstruction of the dark matter correlation function from weak lensing and galaxy clustering",
	journal=	"Physical Review D",
	year=		"2010",
	volume=		"81",
	issue=		"6",
	eprint = {arXiv: 0911.4973},
	archivePrefix  = "arXiv",
    primaryClass   = "astro-ph",
}

@book{peacock,
	title = 	"Cosmological Physics",
	author = 	"John Peacock",
	publisher = 	"University Press, Cambridge",
	year =		"1999",
}

@article{battye,
	author=		"Richard A. Battye and Jonathan A. Pearson",
	title=		"Effective action approach to cosmological perturbations in dark energy and modified gravity",
	journal=	"Journal of Cosmology and Astroparticle Physics",
	year=		"2012",
        month=          "July",
	volume=		"2012",
}

@article{Bloomfield2012,
	author=		"Jolyon K. Bloomfield and {\'E}anna {\'E}. Flanagan",
	title=		"A class of effective field theory models of cosmic acceleration",
	journal=	"Journal of Cosmology and Astroparticle Physics",
	year=		"2012",
        month=          "October",
	volume=		"2012",
        eprint=         "arXiv: 1112.0303",
}

@article{erben,
	author=		"T. Erben et al (CFHTLenS collaboration)",
	title=		"CFHTLenS: The Canada-France-Hawaii Telescope Lensing Survey - Imaging Data and Catalogue Products",
	journal=	"arXiv: astro-ph/1210.8156",
	year=		"2012",
        month=          "October",
}


@article{Miller2013,
  title={Bayesian galaxy shape measurement for weak lensing surveys--III. Application to the Canada--France--Hawaii Telescope Lensing Survey},
  author={Miller, L and Heymans, C and Kitching, TD and Van Waerbeke, L and Erben, T and Hildebrandt, H and Hoekstra, H and Mellier, Y and Rowe, BTP and Coupon, J and others},
  journal={Monthly Notices of the Royal Astronomical Society},
  volume={429},
  number={4},
  pages={2858--2880},
  year={2013},
  publisher={Oxford University Press},
	eprint = {arXiv: 1210.8201},
	archivePrefix  = "arXiv",
    primaryClass   = "astro-ph",

}


@article{heymans,
	author=		"Catherine Heymans et al (CFHTLenS collaboration)",
	title=		"CFHTLenS: The Canada-France-Hawaii Telescope Lensing Survey",
	journal=	"arXiv: astro-ph/1210.0032",
	year=		"2012",
        month=          "September",
}

@article{Velander2014,
  title={CFHTLenS: the relation between galaxy dark matter haloes and baryons from weak gravitational lensing},
  author={Velander, Malin and van Uitert, Edo and Hoekstra, Henk and Coupon, Jean and Erben, Thomas and Heymans, Catherine and Hildebrandt, Hendrik and Kitching, Thomas D and Mellier, Yannick and Miller, Lance and others},
  journal={Monthly Notices of the Royal Astronomical Society},
  volume={437},
  number={3},
  pages={2111--2136},
  year={2014},
  publisher={Oxford University Press},
eprint = {arXiv: 1304.4265},
	archivePrefix  = "arXiv",
    primaryClass   = "astro-ph",
}

@inproceedings{MiraldaEscude1995,
	author=		"Jordi Miralda-Escud{\'e}",
	title=		"The Mass Distribution in Clusters of Galaxies from Weak and Strong Lensing",
	booktitle=      "Astrophysical Applications of Gravitational Lensing",
	year=		"1995",
        editor=         "C. S. Kochanek",
        number=         "173",
        series=         "Proceedings of the symposium of the international astronomical union",
}

@book{numrec,
	title = 	"Numerical Recipes in Fortran: The Art of Scientific Computing",
	author = 	"William H. Press and William T. Vettering and Saul A. Teukolsky and Brian P. Flannery",
	publisher = 	"University Press, Cambridge",
	year =		"1992",
        edition=        "Second",
}

@book{ehlers,
	title = 	"Gravitational Lenses",
	author = 	"P. Schneider and J. Ehlers and E. E. Falco",
	publisher = 	"Springer-Verlag",
	year =		"1992",
        edition=        "First",
}

@article{uitert,
	author=		"E. van Uitert and H. Hoekstra and M. Franx and D. G. Gilbank and M. D. Gladders and H. K. C. Yee",
	title=		"Stellar mass versus velocity dispersion as tracers of the lensing signal around bulge-dominated galaxies",
	journal=	"Astronomy and Astrophysics",
	year=		"2013",
        month=          "January",
	volume=		"549",
}

@book{DodelsonBook,
	title = 	"Modern Cosmology",
	edition = 	"First",
	author = 	"Scott Dodelson",
	publisher = 	"Elsevier",
	year =		"2003",
}

@article{Schmidt2008,
  	title = {Weak lensing probes of modified gravity},
  	author = {Schmidt, Fabian},
  	journal = {Physical Review D},
  	volume = {78},
  	issue = {4},
  	pages = {043002},
  	year = {2008},
  	month = {Aug},
	eprint = {arXiv: 0805.4812},
	archivePrefix  = "arXiv",
    primaryClass   = "astro-ph",
}

@article{Thomas2009,
	author = {Thomas, Shaun A. and Abdalla, Filipe B. and Weller, Jochen}, 
	title = {Constraining modified gravity and growth with weak lensing},
	volume = {395}, 
	number = {1}, 
	pages = {197-209}, 
	year = {2009}, 
	journal = {Monthly Notices of the Royal Astronomical Society},
	eprint = {arXiv: 0810.4863},
	archivePrefix  = "arXiv",
    primaryClass   = "astro-ph",
}

@article{Amendola2008,
  	author={Luca Amendola and Martin Kunz and Domenico Sapone},
  	title={Measuring the dark side (with weak lensing)},
  	journal={Journal of Cosmology and Astroparticle Physics},
  	volume={2008},
  	number={04},
  	pages={013},
  	year={2008},
	eprint = {arXiv: 0704.2421},	
	archivePrefix  = "arXiv",
    primaryClass   = "astro-ph",
}

@article{Tsujikawa2008,
	title = "The effect of modified gravity on weak lensing ",
	journal = "Physics Letters B ",
	volume = "665",
	number = "5",
	pages = "325 - 331",
	year = "2008",
	author = "Shinji Tsujikawa and Takayuki Tatekawa",
	eprint = {arXiv: 0804.4343},
	archivePrefix  = "arXiv",
    primaryClass   = "astro-ph",
}

@article{Zhang2007,
  	title = {Probing Gravity at Cosmological Scales by Measurements which Test the Relationship between Gravitational Lensing and Matter Overdensity},
  	author = {Zhang, Pengjie and Liguori, Michele and Bean, Rachel and Dodelson, Scott},
  	journal = {Phys. Rev. Lett.},
  	volume = {99},
  	issue = {14},
  	pages = {141302},
  	numpages = {4},
  	year = {2007},
  	month = {Oct},
	eprint = {arXiv: 0704.1932},
	archivePrefix  = "arXiv",
    primaryClass   = "astro-ph",
}

@article{Bertschinger2008,
  	title = {Distinguishing modified gravity from dark energy},
  	author = {Bertschinger, Edmund and Zukin, Phillip},
  	journal = {Physical Review D},
  	volume = {78},
  	issue = {2},
  	pages = {024015},
  	numpages = {13},
  	year = {2008},
  	month = {Jul},
	eprint = {arXiv: 0801.2431},
	archivePrefix  = "arXiv",
    primaryClass   = "astro-ph",
}

@article{Simpson2012,
	author = {Simpson, Fergus and Heymans, Catherine and Parkinson, David and Blake, Chris and Kilbinger, Martin and Benjamin, Jonathan and Erben, Thomas and Hildebrandt, Hendrik and Hoekstra, Henk and Kitching, Thomas D. and Mellier, Yannick and Miller, Lance and Van Waerbeke, Ludovic and Coupon, Jean and Fu, Liping and Harnois-DÃ©raps, Joachim and Hudson, Michael J. and Kuijken, Koenraad and Rowe, Barnaby and Schrabback, Tim and Semboloni, Elisabetta and Vafaei, Sanaz and Velander, Malin}, 
	title = {CFHTLenS: testing the laws of gravity with tomographic weak lensing and redshift-space distortions},
	volume = {429}, 
	number = {3}, 
	pages = {2249-2263}, 
	year = {2013}, 
	journal = {Monthly Notices of the Royal Astronomical Society}, 
	eprint = {arXiv: 1212.3339},
	archivePrefix  = "arXiv",
    primaryClass   = "astro-ph",
}

@article{Reyes2010,
	author=		"Reinabelle Reyes and Rachel Mandelbaum and Uros Seljak and Tobias Baldauf and James E. Gunn and Lucas Lombriser and Robert E. Smith",
	title=		"Confirmation of general relativity on large scales from weak lensing and galaxy velocities",
	journal=	"Nature",
	volume=		"464",
	year=		"2010",	
	month=		"March",
	pages=		"256-258",
	eprint = {arXiv: 1003.2185},
	archivePrefix  = "arXiv",
    primaryClass   = "astro-ph",
}

@article{Miller2012,
	author = {Miller, L. and Heymans, C. and Kitching, T. D. and van Waerbeke, L. and Erben, T. and Hildebrandt, H. and Hoekstra, H. and Mellier, Y. and Rowe, B. T. P. and Coupon, J. and Dietrich, J. P. and Fu, L. and Harnois-DÃ©raps, J. and Hudson, M. J. and Kilbinger, M. and Kuijken, K. and Schrabback, T. and Semboloni, E. and Vafaei, S. and Velander, M.}, 
title = {Bayesian galaxy shape measurement for weak lensing surveys â€“ III. Application to the Canadaâ€“Franceâ€“Hawaii Telescope Lensing Survey},
	volume = {429}, 
	number = {4}, 
	pages = {2858-2880}, 
	year = {2013}, 
	journal = {Monthly Notices of the Royal Astronomical Society} ,
	eprint = {arXiv:  astro-ph/1210.8201},
}

@article{Baker2014,
  	title = {A fast route to modified gravitational growth},
  	author = {Baker, Tessa and Ferreira, Pedro and Skordis, Constantinos},
  	journal = {Physical Review D},
  	volume = {89},
  	issue = {2},
  	pages = {024026},
  	numpages = {15},
  	year = {2014},
  	month = {Jan},
	eprint = {arXiv: 1310.1086},
	archivePrefix  = "arXiv",
    primaryClass   = "astro-ph",
}

@article{Noller2014,
	title = {Relativistic scalar fields and the quasistatic approximation in theories of modified gravity},
	author = {Noller, Johannes and von Braun-Bates, Francesca and Ferreira, Pedro G.},
	journal = {Physical Review D},
	volume = {89},
	issue = {2},
	pages = {023521},
	numpages = {18},
	year = {2014},
	month = {Jan},
	eprint = {arXiv: 1310.3266},
	archivePrefix  = "arXiv",
    primaryClass   = "astro-ph",
}


@article{Schmidt2009,
  	title = {Self-consistent cosmological simulations of DGP braneworld gravity},
  	author = {Schmidt, Fabian},
  	journal = {Physical Review D},
  	volume = {80},
  	issue = {4},
  	pages = {043001},
  	numpages = {19},
  	year = {2009},
  	month = {Aug},
	eprint = {arXiv: 0905.0858},
	archivePrefix  = "arXiv",
    primaryClass   = "astro-ph",
}

@article{Zhao2011,
	title = {N-body Simulations for f (R) Gravity using a Self-adaptive Particle-Mesh Code},
 	author = {Zhao, Gong-Bo and Li, Baojiu and Koyama, Kazuya},
 	journal = {Physical Review D},
 	volume = {83},
 	issue = {4},
 	pages = {044007},
  	numpages = {19},
  	year = {2011},
  	month = {Feb},
	eprint = {arXiv: 1011.1257},
	archivePrefix  = "arXiv",
    primaryClass   = "astro-ph",
}

@article{Barreira2013,
  	author={Alexandre Barreira and Baojiu Li and Wojciech A. Hellwing and Carlton M. Baugh and Silvia Pascoli},
 	title={Nonlinear structure formation in the cubic Galileon gravity model},
  	journal={Journal of Cosmology and Astroparticle Physics},
  	volume={2013},
  	number={10},
  	pages={027},
  	year={2013},
	eprint = {arXiv: 1306.3219},
	archivePrefix  = "arXiv",
    primaryClass   = "astro-ph",

}

@article{Li2013,
  	author={Baojiu Li and Alexandre Barreira and Carlton M. Baugh and Wojciech A. Hellwing and Kazuya Koyama and Silvia Pascoli and Gong-Bo Zhao},
  	title={Simulating the quartic Galileon gravity model on adaptively refined meshes},
  	journal={Journal of Cosmology and Astroparticle Physics},
  	volume={2013},
  	number={11},
  	pages={012},
  	year={2013},
	eprint = {arXiv: 1308.3491},	
	archivePrefix  = "arXiv",
    primaryClass   = "astro-ph",
}

@article{Limber1953,
  	author={D. Nelson Limber},
  	title={The Analysis of Counts of the Extragalactic Nebulae in Terms of a Fluctuating Density Field},
  	journal={The Astrophysical Journal},
  	volume={117},
  	year={1953},
}

@article{Silvestri2013,
  	title = {Practical approach to cosmological perturbations in modified gravity},
  	author = {Silvestri, Alessandra and Pogosian, Levon and Buniy, Roman V.},
  	journal = {Physical Review D},
  	volume = {87},
  	issue = {10},
  	pages = {104015},
  	numpages = {9},
  	year = {2013},
  	month = {May},
	eprint = {arXiv: 1302.1193},
	archivePrefix  = "arXiv",
    primaryClass   = "astro-ph",
}

@article{Chevallier2001,
	author = {Chevallier, Michel and Polarski, David},
	title = {Accelerating Universes with Scaling Dark Matter},
	journal = {International Journal of Modern Physics D},
	volume = {10},
	number = {02},
	pages = {213-223},
	year = {2001},
	eprint = {arXiv: gr-qc/0009008},	
}

@article{Linder2003,
  	title = {Exploring the Expansion History of the Universe},
  	author = {Linder, Eric V.},
  	journal = {Phys. Rev. Lett.},
  	volume = {90},
  	issue = {9},
  	pages = {091301},
  	numpages = {4},
  	year = {2003},
  	month = {Mar},
	eprint = {arXiv:  astro-ph/0208512},
}

@article{Amendola2013,
  	title = {Observables and unobservables in dark energy cosmologies},
  	author = {Amendola, Luca and Kunz, Martin and Motta, Mariele and Saltas, Ippocratis D. and Sawicki, Ignacy},
  	journal = {Physical Review D},
  	volume = {87},
  	issue = {2},
  	pages = {023501},
  	numpages = {8},
  	year = {2013},
  	month = {Jan},
	eprint = {arXiv: 1210.0439},
}

@book{NumRecFor,
	title = 	"Numerical Recipes in Fortran",
	author = 	"{W. H. Press, S. A. Teukolsky, W. T. Vetterling and B. P. Flannery}",
	publisher = "{Cambridge University Press}",
	year =		"1994",
}

@article{Hu1999,
  	author={Wayne Hu},
  	title={Power Spectrum Tomography with Weak Lensing},
  	journal={The Astrophysical Journal Letters},
  	volume={522},
  	number={1},
  	pages={L21},
  	year={1999},
	eprint = {arXiv:  astro-ph/9904153}, 
}

@article{Majerotto2012,
	author = {Majerotto, E. and Guzzo, L. and Samushia, L. and Percival, W. J. and Wang, Y. and de la Torre, S. and Garilli, B. and Franzetti, P. and Rossetti, E. and Cimatti, A. and Carbone, C. and Roche, N. and Zamorani, G.}, 
	title = {Probing deviations from general relativity with the Euclid spectroscopic survey},
	volume = {424}, 
	number = {2}, 
	pages = {1392-1408}, 
	year = {2012}, 
	eprint = {arXiv: 1205.6215}, 
	journal = {Monthly Notices of the Royal Astronomical Society} 
}

@article{HuTegmark1998,
  	author={Wayne Hu and Max Tegmark},
  	title={Weak Lensing: Prospects for Measuring Cosmological Parameters},
  	journal={The Astrophysical Journal Letters},
  	volume={514},
  	number={2},
  	pages={L65},
  	url={arXiv:  astro-ph/9811168},
  	year={1999},
}

@article{Hojjati2014,
  	title = {Observable physical modes of modified gravity},
  	author = {Hojjati, Alireza and Pogosian, Levon and Silvestri, Alessandra and Zhao, Gong-Bo},
  	journal = {Physical Review D},
  	volume = {89},
  	issue = {8},
  	pages = {083505},
  	numpages = {10},
  	year = {2014},
  	month = {Mar},
	eprint = {arXiv: 1312.5309},
	archivePrefix  = "arXiv",
    primaryClass   = "astro-ph",
}

@article{Johnson2014,
	author = {Johnson, Andrew and Blake, Chris and Koda, Jun and Ma, Yin-Zhe and Colless, Matthew and Crocce, Martin and Davis, Tamara M. and Jones, Heath and Magoulas, Christina and Lucey, John R. and Mould, Jeremy and Scrimgeour, Morag I. and Springob, Christopher M.}, 
	title = {The 6dF Galaxy Survey: cosmological constraints from the velocity power spectrum},
	volume = {444}, 
	number = {4}, 
	pages = {3926-3947}, 
	year = {2014}, 
	eprint = {arXiv: 1404.3799}, 
	journal = {Monthly Notices of the Royal Astronomical Society} 
}

@article{Perlmutter1999,
  	author={S. Perlmutter and G. Aldering and G. Goldhaber and R. A. Knop and P. Nugent and P. G. Castro and S. Deustua and S. Fabbro and A. Goobar and D. E. Groom and I. M. Hook and A. G. Kim and M. Y. Kim and J. C. Lee and N. J. Nunes and R. Pain and C. R. Pennypacker and R. Quimby and C. Lidman and R. S. Ellis and M. Irwin and R. G. McMahon and P. Ruiz-Lapuente and N. Walton and B. Schaefer and B. J. Boyle and A. V. Filippenko and T. Matheson and A. S. Fruchter and N. Panagia and H. J. M. Newberg and W. J. Couch and The Supernova Cosmology Project},
  	title={Measurements of Î© and Î› from 42 High-Redshift Supernovae},
  	journal={The Astrophysical Journal},
  	volume={517},
  	number={2},
  	pages={565},
	eprint = {arXiv: astro-ph/9812133},
    archivePrefix  = "arXiv",
    primaryClass   = "astro-ph",
  	year={1999},
}

@article{Calabrese2014,
  	title = {Dark energy coupling with electromagnetism as seen from future low-medium redshift probes},
  	author = {Calabrese, E. and Martinelli, M. and Pandolfi, S. and Cardone, V. F. and Martins, C. J. A. P. and Spiro, S. and Vielzeuf, P. E.},
  	journal = {Physical Review D},
  	volume = {89},
  	issue = {8},
  	pages = {083509},
  	numpages = {14},
  	year = {2014},
  	month = {Apr},
  	publisher = {American Physical Society},
  	doi = {10.1103/PhysRevD.89.083509},
	eprint = {arXiv:  astro-ph/1311.5841}
}

@book{EuclidRedBook,
	title = 	"Euclid definition study report (Red Book).",
	author = 	"{European Space Agency}",
	publisher = "{ESA/SRE}",
	year =		"2011",
        eprint = {arXiv: 1110.3193},
}

%ARTICLE{EuclidRedBook,
%   author = {{Laureijs}, R. and {Amiaux}, J. and {Arduini}, S. and {Augu{\`e}res}, J.~-. and 
%	{Brinchmann}, J. and {Cole}, R. and {Cropper}, M. and {Dabin}, C. and 
%	{Duvet}, L. and {Ealet}, A. and et al.},
%    title = "{Euclid Definition Study Report}",
%  journal = {arXiv e-prints},
%archivePrefix = "arXiv",
%   eprint = {arXiv: 1110.3193},
% primaryClass = "astro-ph.CO",
% keywords = {Astrophysics - Cosmology and Extragalactic Astrophysics, Astrophysics - Galaxy Astrophysics},
%     year = 2011,
%    month = oct,
%   adsurl = {http://adsabs.harvard.edu/abs/2011arXiv1110.3193L},
%  adsnote = {Provided by the SAO/NASA Astrophysics Data System}
%}


@article{LSSTScience,
  	author={Z. Ivezic and J. A. Tyson and the LSST Collaboration},
  	title={LSST: from Science Drivers to Reference Design and Anticipated Data Products},
  	year={2008},
  	journal={arXiv e-prints},
	eprint ={arXiv: 0805.2366},
  	archivePrefix  = "{arXiv}",
    primaryClass   = "{astro-ph}",
  	}
  	
@article{SKAScience,
author={C. Carilli and S. Rawlings},
title={Science with the Square Kilometer Array: Motivation, Key Science Projects, Standards and Assumptions},
eprint = {arXiv:  astro-ph/0409274},
year={2004},
  	}	

@ARTICLE{Blake2015,
   author = {{Blake}, C. and {Joudaki}, S. and {Heymans}, C. and {Choi}, A. and 
	{Erben}, T. and {Harnois-Deraps}, J. and {Hildebrandt}, H. and 
	{Joachimi}, B. and {Nakajima}, R. and {van Waerbeke}, L. and 
	{Viola}, M.},
    title = "{RCSLenS: testing gravitational physics through the cross-correlation of weak lensing and large-scale structure}",
  journal = {Monthly Notices of the Royal Astronomical Society},
archivePrefix = "arXiv",
   eprint = {arXiv: 1507.03086},
 keywords = {surveys, dark energy, large-scale structure of Universe},
     year = 2016,
    month = mar,
   volume = 456,
    pages = {2806-2828},
      doi = {10.1093/mnras/stv2875},
   adsurl = {http://adsabs.harvard.edu/abs/2016MNRAS.456.2806B},
  adsnote = {Provided by the SAO/NASA Astrophysics Data System}
}


	
@article{Zehavi2005,
  		author={Idit Zehavi and David H. Weinberg and Zheng Zheng and Andreas A. Berlind and Joshua A. Frieman and RomÃ¡n Scoccimarro and Ravi K. Sheth and Michael R. Blanton and Max Tegmark and Houjun J. Mo and Neta A. Bahcall and Jon Brinkmann and Scott Burles and IstvÃ¡n Csabai and Masataka Fukugita and James E. Gunn and Don Q. Lamb and Jon Loveday and Robert H. Lupton and Avery Meiksin and Jeffrey A. Munn and Robert C. Nichol and David Schlegel and Donald P. Schneider and Mark SubbaRao and Alexander S. Szalay and Alan Uomoto and Donald G. York and (for the SDSS Collaboration)},
  	title={On Departures from a Power Law in the Galaxy Correlation Function},
  	journal={The Astrophysical Journal},
  	volume={608},
  	number={1},
  	pages={16},
  	url={http://stacks.iop.org/0004-637X/608/i=1/a=16},
  	year={2004},
  	eprint= {arXiv: astro-ph/0301280},
  	archivePrefix  = "arXiv",
    primaryClass   = "astro-ph",
}

@article{Lewis2000,
     	author    = "Lewis, Antony and Challinor, Anthony and Lasenby, Anthony",
     	title     = "Efficient Computation of {CMB} anisotropies in closed {FRW}
                  models",
     	journal   = "The Astrophysical Journal",
     	volume    = "538",
     	year      = "2000",
     	pages     = "473-476",
     	eprint    = "arXiv: astro-ph/9911177",
     	archivePrefix  = "arXiv",
    	primaryClass   = "astro-ph",
}
	
	
@article{Smail1994,
	author = {Smail, Ian and Ellis, Richard S. and Fitchett, Mike J.}, 
	title = {Gravitational lensing of distant field galaxies by rich clusters â€“ I. Faint galaxy redshift distributions},
	volume = {270}, 
	number = {2}, 
	pages = {245-270}, 
	year = {1994}, 
	eprint = {arXiv: astro-ph/9402049}, 
	journal = {Monthly Notices of the Royal Astronomical Society},
	archivePrefix  = "arXiv",
    primaryClass   = "astro-ph",
}

@article{Benjamin2007,
	author = {Benjamin, Jonathan and Heymans, Catherine and Semboloni, Elisabetta and Van Waerbeke, Ludovic and Hoekstra, Henk and Erben, Thomas and Gladders, Michael D. and Hetterscheidt, Marco and Mellier, Yannick and Yee, H. K. C.}, 
	title = {Cosmological constraints from the 100-deg2 weak-lensing survey},
	volume = {381}, 
	number = {2}, 
	pages = {702-712}, 
	year = {2007}, 
	eprint = {arXiv: astro-ph/0703570}, 
	journal = {Monthly Notices of the Royal Astronomical Society},
	archivePrefix  = "arXiv",
    primaryClass   = "astro-ph", 
}

@article{Velander2013,
	author = {Velander, Malin and van Uitert, Edo and Hoekstra, Henk and Coupon, Jean and Erben, Thomas and Heymans, Catherine and Hildebrandt, Hendrik and Kitching, Thomas D. and Mellier, Yannick and Miller, Lance and Van Waerbeke, Ludovic and Bonnett, Christopher and Fu, Liping and Giodini, Stefania and Hudson, Michael J. and Kuijken, Konrad and Rowe, Barnaby and Schrabback, Tim and Semboloni, Elisabetta}, 
	title = {CFHTLenS: the relation between galaxy dark matter haloes and baryons from weak gravitational lensing},
	volume = {437}, 
	number = {3}, 
	pages = {2111-2136}, 
	year = {2014}, 
	doi = {10.1093/mnras/stt2013}, 
	eprint = {arXiv:  astro-ph/1304.4265}, 
	journal = {Monthly Notices of the Royal Astronomical Society} 
}

@article{Cole2005,
	author = {Cole, Shaun and Percival, Will J. and Peacock, John A. and Norberg, Peder and Baugh, Carlton M. and Frenk, Carlos S. and Baldry, Ivan and Bland-Hawthorn, Joss and Bridges, Terry and Cannon, Russell and Colless, Matthew and Collins, Chris and Couch, Warrick and Cross, Nicholas J. G. and Dalton, Gavin and Eke, Vincent R. and de Propris, Roberto and Driver, Simon P. and Efstathiou, George and Ellis, Richard S. and Glazebrook, Karl and Jackson, Carole and Jenkins, Adrian and Lahav, Ofer and Lewis, Ian and Lumsden, Stuart and Maddox, Steve and Madgwick, Darren and Peterson, Bruce A. and Sutherland, Will and Taylor, Keith and The 2dFGRS Team}, 
	title = {The 2dF Galaxy Redshift Survey: power-spectrum analysis of the final data set and cosmological implications},
	volume = {362}, 
	number = {2}, 
	pages = {505-534}, 
	year = {2005}, 
	eprint = {arXiv: astro-ph/0501174}, 
	archivePrefix  = "arXiv",
    primaryClass   = "astro-ph",
	journal = {Monthly Notices of the Royal Astronomical Society} 
}

@article{Amendola2015,
	author = {Amendola, L. and Menegoni, E. and Di Porto, C. and Corsi, M. and Branchini, E.}, 
	title = {Constraints on a scale-dependent bias from galaxy clustering},
	journal={arXiv e-prints},
	eprint = {arXiv: 1502.03994},  
	archivePrefix  = "{arXiv}",
    primaryClass   = "{astro-ph}",
    year={2015},
}

@article{Fry1993,
	author = {Fry, J. N. and Gaztanaga, Enrique}, 
	title = {Biasing and hierarchical statistics in large-scale structure},
	volume = {413}, 
	number = {2}, 
	pages = {447-452}, 
	year = {1993}, 
	eprint = {arXiv: astro-ph/9302009}, 
	journal = {The Astrophysical Journal},
	archivePrefix  = "arXiv",
    primaryClass   = "astro-ph", 
}

@article{Ferreira2010,
  	title = {Linear growth rate of structure in parametrized post-Friedmannian universes},
  	author = {Ferreira, Pedro G. and Skordis, Constantinos},
  	journal = {Physical Review D},
  	volume = {81},
  	issue = {10},
  	pages = {104020},
  	numpages = {15},
  	year = {2010},
  	month = {May},
  	eprint = {arXiv: 1003.4231},
  	archivePrefix  = "arXiv",
    primaryClass   = "astro-ph",
}


@article{BakerScales2014,
  title = {New gravitational scales in cosmological surveys},
  author = {Baker, Tessa and Ferreira, Pedro G. and Leonard, C. Danielle and Motta, Mariele},
  journal = {Physical Review D},
  volume = {90},
  issue = {12},
  pages = {124030},
  numpages = {11},
  year = {2014},
  month = {Dec},
  publisher = {American Physical Society},
  doi = {10.1103/PhysRevD.90.124030},
  url = {http://link.aps.org/doi/10.1103/PhysRevD.90.124030},
  eprint = {arXiv: 1409.8284},
  archivePrefix  = "arXiv",
	primaryClass   = "astro-ph",
}

@article{Knox2006a,
  	title = {Distance-redshift and growth-redshift relations as two windows on acceleration and gravitation: Dark energy or new gravity?},
  	author = {Knox, Lloyd and Song, Yong-Seon and Tyson, J. Anthony},
  	journal = {Physical Review D},
  	volume = {74},
  	issue = {2},
  	pages = {023512},
  	numpages = {5},
  	year = {2006},
  	month = {July},
  	eprint= {arXiv: astro-ph/0503644},
  	archivePrefix  = "arXiv",
    primaryClass   = "astro-ph",
}	


@article{Ishak2006,
  	title = {Probing cosmic acceleration beyond the equation of state: Distinguishing between dark energy and modified gravity models},
  	author = {Ishak, Mustapha and Upadhye, Amol and Spergel, David N.},
  	journal = {Physical Review D},
  	volume = {74},
  	issue = {4},
  	pages = {043513},
  	numpages = {7},
  	year = {2006},
  	month = {August},
  	eprint={arXiv: astro-ph/0507184},
  	archivePrefix  = "arXiv",
    primaryClass   = "astro-ph",
}

@article{Jeong2009,
  	title={Galaxy-CMB and galaxy-galaxy lensing on large scales: Sensitivity to primordial non-Gaussianity},
  	author={Jeong, Donghui and Komatsu, Eiichiro and Jain, Bhuvnesh},
  	journal={Physical Review D},
  	volume={80},
  	number={12},
  	pages={123527},
  	year={2009},
	eprint={arXiv: 0910.1361},
	archivePrefix  = "arXiv",
    primaryClass   = "astro-ph",
}

@article{Zlatev1999,
  	title={Quintessence, cosmic coincidence, and the cosmological constant},
  	author={Zlatev, Ivaylo and Wang, Limin and Steinhardt, Paul J},
  	journal={Physical Review Letters},
  	volume={82},
  	number={5},
  	pages={896},
  	year={1999},
  	publisher={APS}, 
	eprint={arXiv: astro-ph/9807002},
    archivePrefix  = "arXiv",
    primaryClass   = "astro-ph",
}

@article{Carroll1998,
 	 title={Quintessence and the rest of the world: suppressing long-range interactions},
  	author={Carroll, Sean M},
  	journal={Physical Review Letters},
  	volume={81},
  	number={15},
  	pages={3067},
  	year={1998},
  	publisher={APS},
	eprint={arXiv: astro-ph/9806099},
	archivePrefix  = "arXiv",
    primaryClass   = "astro-ph",
}

@article{Armendariz2001,
  	title={Essentials of k-essence},
  	author={Armendariz-Picon, C and Mukhanov, V and Steinhardt, Paul J},
 	journal={Physical Review D},
  	volume={63},
 	number={10},
  	pages={103510},
  	year={2001},
  	publisher={APS},
	eprint={arXiv: astro-ph/0006373},
	archivePrefix  = "arXiv",
    primaryClass   = "astro-ph",
}

@article{Babichev2008,
  	title={k-Essence, superluminal propagation, causality and emergent geometry},
  	author={Babichev, Eugeny and Mukhanov, Viatcheslav and Vikman, Alexander},
  	journal={Journal of High Energy Physics},
  	volume={2008},
  	number={02},
  	pages={101},
  	year={2008},
  	publisher={IOP Publishing},
	eprint={arXiv: 0708.0561},
	archivePrefix  = "arXiv",
    primaryClass   = "hep-th",
}

@article{Kwan2012,
  	title={Mapping growth and gravity with robust redshift space distortions},
  	author={Kwan, Juliana and Lewis, Geraint F and Linder, Eric V},
  	journal={The Astrophysical Journal},
  	volume={748},
  	number={2},
  	pages={78},
  	year={2012},
  	publisher={IOP Publishing},
	eprint={arXiv:  astro-ph/1105.1194}
}

@article{Jennings2012,
  	title={Redshift-space distortions in f(R) gravity},
  	author={Jennings, Elise and Baugh, Carlton M and Li, Baojiu and Zhao, Gong-Bo and Koyama, Kazuya},
  	journal={Monthly Notices of the Royal Astronomical Society},
  	volume={425},
  	number={3},
  	pages={2128--2143},
  	year={2012},
  	publisher={Oxford University Press},
	eprint={1205.2698},
	archivePrefix  = "arXiv",
    primaryClass   = "astro-ph",
}

@article{Raccanelli2013,
  	title={Testing gravity using large-scale redshift-space distortions},
  	author={Raccanelli, Alvise and Bertacca, Daniele and Pietrobon, Davide and Schmidt, Fabian and Samushia, Lado and Bartolo, Nicola and Dor{\'e}, Olivier and Matarrese, Sabino and Percival, Will J},
  	journal={Monthly Notices of the Royal Astronomical Society},
  	volume={436},
  	number={1},
  	pages={89--100},
  	year={2013},
  	publisher={Oxford University Press},
	eprint={1207.0500},
	archivePrefix  = "arXiv",
    primaryClass   = "astro-ph",
}

@article{Beutler2014,
  	title={The clustering of galaxies in the SDSS-III Baryon Oscillation Spectroscopic Survey: testing gravity with redshift space distortions using the power spectrum multipoles},
  	author={Beutler, Florian and Saito, Shun and Seo, Hee-Jong and Brinkmann, Jon and Dawson, Kyle S and Eisenstein, Daniel J and Font-Ribera, Andreu and Ho, Shirley and McBride, Cameron K and Montesano, Francesco and others},
  	journal={Monthly Notices of the Royal Astronomical Society},
  	volume={443},
  	number={2},
  	pages={1065--1089},
  	year={2014},
  	publisher={Oxford University Press},
	eprint={1312.4611},	
	archivePrefix  = "arXiv",
    primaryClass   = "astro-ph",
}

@article{FerreiraSkordis2010,
  	title={Linear growth rate of structure in parametrized post-Friedmannian universes},
  	author={Ferreira, Pedro G and Skordis, Constantinos},
  	journal={Physical Review D},
  	volume={81},
  	number={10},
  	pages={104020},
  	year={2010},
  	publisher={APS},
	eprint={1003.4231},
	archivePrefix  = "arXiv",
    primaryClass   = "astro-ph",
}

@article{Levi2013,
  	title={The DESI Experiment, a whitepaper for Snowmass 2013},
  	author={Levi, Michael and Bebek, Chris and Beers, Timothy and Blum, Robert and Cahn, Robert and Eisenstein, Daniel and Flaugher, Brenna and Honscheid, Klaus and Kron, Richard and Lahav, Ofer and others},
  	eprint={arXiv: 1308.0847},
  	year={2013},
  	journal={arXiv e-prints},
  	archivePrefix  = "{arXiv}",
    primaryClass   = "{astro-ph}",
}


@article{Planck2015,
  	title={Planck 2015 results. XIII. Cosmological parameters},
  	author={{Planck Collaboration}},
  	journal={arXiv e-prints},
  	eprint={arXiv: 1502.01589},
  	year={2015},
  	archivePrefix  = "{arXiv}",
    primaryClass   = "{astro-ph}",
}

@article{Cabre2009,
  	title={Clustering of luminous red galaxies--II. Small-scale redshift-space distortions},
  	author={Cabr{\'e}, Anna and Gazta{\~n}aga, Enrique},
  	journal={Monthly Notices of the Royal Astronomical Society},
  	volume={396},
  	number={2},
  	pages={1119--1131},
  	year={2009},
  	publisher={Oxford University Press},
  	eprint={arXiv: 0807.2461},
  	archivePrefix  = "arXiv",
    primaryClass   = "astro-ph",
}

@article{Leonard2015,
  	title={Exploring degeneracies in modified gravity with weak lensing},
 	 author={Leonard, C Danielle and Baker, Tessa and Ferreira, Pedro G},
  	journal={Physical Review D},
  	volume={91},
  	number={8},
  	pages={083504},
  	year={2015},
  	publisher={APS},
	eprint = {1501.03509},
	archivePrefix  = "arXiv",
    primaryClass   = "astro-ph",
	
}

@article{Smith2007,
  	title={Scale dependence of halo and galaxy bias: Effects in real space},
  	author={Smith, Robert E and Scoccimarro, Rom{\'a}n and Sheth, Ravi K},
  	journal={Physical Review D},
  	volume={75},
  	number={6},
  	pages={063512},
  	year={2007},
  	publisher={APS},
	eprint={arXiv:  astro-ph/0609547}
}


@article{Bianchi2012,
  	title={Statistical and systematic errors in redshift-space distortion measurements from large surveys},
  	author={Bianchi, Davide and Guzzo, Luigi and Branchini, Enzo and Majerotto, Elisabetta and de la Torre, Sylvain and Marulli, Federico and Moscardini, Lauro and Angulo, Raul E},
  	journal={Monthly Notices of the Royal Astronomical Society},
  	volume={427},
  	number={3},
  	pages={2420--2436},
  	year={2012},
  	publisher={Oxford University Press},
	eprint={arXiv: 1203.1545},
	archivePrefix  = "arXiv",
    primaryClass   = "astro-ph",
}

@article{Pullen2014,
  	title={Probing gravity at large scales through CMB lensing},
  	author={Pullen, Anthony R and Alam, Shadab and Ho, Shirley},
  	journal={Monthly Notices of the Royal Astronomical Society},
  	volume={449},
  	number={4},
  	pages={4326--4335},
  	year={2015},
  	publisher={Oxford University Press},
	eprint={arXiv: 1412.4454},
	archivePrefix  = "arXiv",
    primaryClass   = "astro-ph",
}


@article{Smith2008,
  	title={Motion of the acoustic peak in the correlation function},
  	author={Smith, Robert E and Scoccimarro, Rom{\'a}n and Sheth, Ravi K},
  	journal={Physical Review D},
  	volume={77},
  	number={4},
  	pages={043525},
  	year={2008},
  	publisher={APS},
	eprint={arXiv:  astro-ph/ 0703620}
}

@ARTICLE{Santos2015,
   author = {{Santos}, M. and {Alonso}, D. and {Bull}, P. and {Silva}, M.~B. and 
	{Yahya}, S.},
    title = "{HI galaxy simulations for the SKA: number counts and bias}",
  journal = {Advancing Astrophysics with the Square Kilometre Array (AASKA14)},
archivePrefix = "arXiv",
   eprint = {arXiv: 1501.03990},
     year = 2015,
      eid = {21},
    pages = {21},
   adsurl = {http://adsabs.harvard.edu/abs/2015aska.confE..21S},
  adsnote = {Provided by the SAO/NASA Astrophysics Data System}
}

@article{Hojjati2012,
 	 title={Cosmological tests of general relativity: A principal component analysis},
  	author={Hojjati, Alireza and Zhao, Gong-Bo and Pogosian, Levon and Silvestri, Alessandra and Crittenden, Robert and Koyama, Kazuya},
  	journal={Physical Review D},
  	volume={85},
  	number={4},
  	pages={043508},
  	year={2012},
  	publisher={APS},
  	eprint={arXiv: 1111.3960},
  	archivePrefix  = "arXiv",
    primaryClass   = "astro-ph",
  	
  
}

@article{Pullen2015,
  	title={Constraining Gravity at the Largest Scales through CMB Lensing and Galaxy Velocities},
  	author={Pullen, Anthony R and Alam, Shadab and He, Siyu and Ho, Shirley},
  	journal={arXiv preprint},
  	archivePrefix  = "arXiv",
    primaryClass   = "astro-ph",
  	year={2015},
  	eprint={arXiv: 1511.04457},
}


@article{Kleban2012,
  	title={Spatial curvature falsifies eternal inflation},
  	author={Kleban, Matthew and Schillo, Marjorie},
  	journal={Journal of Cosmology and Astroparticle Physics},
  	volume={2012},
  	number={06},
  	pages={029},
  	year={2012},
  	publisher={IOP Publishing},
	archivePrefix = "arXiv",
   	eprint = {arXiv: 1202.5037}
	
}

@ARTICLE{2007ApJ...665...14S,
   author = {{Seo}, H.-J. and {Eisenstein}, D.~J.},
    title = "{Improved Forecasts for the Baryon Acoustic Oscillations and Cosmological Distance Scale}",
  journal = {The Astrophysical Journal},
   eprint = {arXiv: astro-ph/0701079},
 keywords = {Cosmology: Cosmic Microwave Background, Cosmology: Cosmological Parameters, Cosmology: Distance Scale, Cosmology: Large-Scale Structure of Universe},
     year = 2007,
    month = aug,
   volume = 665,
    pages = {14-24},
      doi = {10.1086/519549},
   adsurl = {http://adsabs.harvard.edu/abs/2007ApJ...665...14S},
  adsnote = {Provided by the SAO/NASA Astrophysics Data System}
}

@ARTICLE{2016PhRvD..93d3013L,
   author = {{Liu}, A. and {Pritchard}, J.~R. and {Allison}, R. and {Parsons}, A.~R. and 
	{Seljak}, U. and {Sherwin}, B.~D.},
    title = "{Eliminating the optical depth nuisance from the CMB with 21 cm cosmology}",
  journal = {Physical Review D},
archivePrefix = "arXiv",
   eprint = {arXiv: 1509.08463},
     year = 2016,
    month = feb,
   volume = 93,
   number = 4,
      eid = {043013},
    pages = {043013},
      doi = {10.1103/PhysRevD.93.043013},
   adsurl = {http://adsabs.harvard.edu/abs/2016PhRvD..93d3013L},
  adsnote = {Provided by the SAO/NASA Astrophysics Data System}
}

@ARTICLE{2016arXiv160103947H,
   author = {{Harrison}, I. and {Camera}, S. and {Zuntz}, J. and {Brown}, M.~L.
	},
    title = "{SKA Weak Lensing I: Cosmological Forecasts and the Power of Radio-Optical Cross-Correlations}",
  journal = {arXiv e-prints},
archivePrefix = "arXiv",
   eprint = {arXiv: 1601.03947},
 keywords = {Astrophysics - Cosmology and Nongalactic Astrophysics},
     year = 2016,
    month = jan,
   adsurl = {http://adsabs.harvard.edu/abs/2016arXiv160103947H},
  adsnote = {Provided by the SAO/NASA Astrophysics Data System}
}

@ARTICLE{2002astro.ph..8037P,
   author = {{Peebles}, P.~J.~E.},
    title = "{From Precision Cosmology to Accurate Cosmology}",
  journal = {ArXiv Astrophysics e-prints},
   eprint = {astro-ph/0208037},
 keywords = {Astrophysics},
     year = 2002,
    month = aug,
   adsurl = {http://adsabs.harvard.edu/abs/2002astro.ph..8037P},
  adsnote = {Provided by the SAO/NASA Astrophysics Data System}
}


@ARTICLE{2015PhRvD..92l3535A,
   author = {{Allison}, R. and {Caucal}, P. and {Calabrese}, E. and {Dunkley}, J. and 
	{Louis}, T.},
    title = "{Towards a cosmological neutrino mass detection}",
  journal = {Physical Review D},
archivePrefix = "arXiv",
   eprint = {arXiv: 1509.07471},
 keywords = {Cosmology, Neutrino mass and mixing, Neutrino muon pion and other elementary particles, cosmic rays},
     year = 2015,
    month = dec,
   volume = 92,
   number = 12,
      eid = {123535},
    pages = {123535},
      doi = {10.1103/PhysRevD.92.123535},
   adsurl = {http://adsabs.harvard.edu/abs/2015PhRvD..92l3535A},
  adsnote = {Provided by the SAO/NASA Astrophysics Data System}
}

@ARTICLE{2015ApJ...803...21B,
   author = {{Bull}, P. and {Ferreira}, P.~G. and {Patel}, P. and {Santos}, M.~G.
	},
    title = "{Late-time Cosmology with 21 cm Intensity Mapping Experiments}",
  journal = {The Astrophysical Journal},
archivePrefix = "arXiv",
   eprint = {arXiv: 1405.1452},
 keywords = {cosmological parameters, cosmology: observations, large-scale structure of universe, radio lines: galaxies},
     year = 2015,
    month = apr,
   volume = 803,
      eid = {21},
    pages = {21},
      doi = {10.1088/0004-637X/803/1/21},
   adsurl = {http://adsabs.harvard.edu/abs/2015ApJ...803...21B},
  adsnote = {Provided by the SAO/NASA Astrophysics Data System}
}

@ARTICLE{2007ApJ...664..675E,
   author = {{Eisenstein}, D.~J. and {Seo}, H.-J. and {Sirko}, E. and {Spergel}, D.~N.
	},
    title = "{Improving Cosmological Distance Measurements by Reconstruction of the Baryon Acoustic Peak}",
  journal = {The Astrophysical Journal},
   eprint = {arXiv: astro-ph/0604362},
 keywords = {Cosmology: Cosmic Microwave Background, Cosmology: Cosmological Parameters, Cosmology: Distance Scale, Cosmology: Large-Scale Structure of Universe},
     year = 2007,
    month = aug,
   volume = 664,
    pages = {675-679},
      doi = {10.1086/518712},
   adsurl = {http://adsabs.harvard.edu/abs/2007ApJ...664..675E},
  adsnote = {Provided by the SAO/NASA Astrophysics Data System}
}
@ARTICLE{2007ApJ...664..660E,
   author = {{Eisenstein}, D.~J. and {Seo}, H.-J. and {White}, M.},
    title = "{On the Robustness of the Acoustic Scale in the Low-Redshift Clustering of Matter}",
  journal = {The Astrophysical Journal},
   eprint = {astro-ph/0604361},
 keywords = {Cosmology: Cosmic Microwave Background, Cosmology: Cosmological Parameters, Cosmology: Distance Scale, Cosmology: Large-Scale Structure of Universe},
     year = 2007,
    month = aug,
   volume = 664,
    pages = {660-674},
      doi = {10.1086/518755},
   adsurl = {http://adsabs.harvard.edu/abs/2007ApJ...664..660E},
  adsnote = {Provided by the SAO/NASA Astrophysics Data System}
}
@ARTICLE{2014MNRAS.441.3524K,
   author = {{Kazin}, E.~A. and {Koda}, J. and {Blake}, C. and {Padmanabhan}, N. and 
	{Brough}, S. and {Colless}, M. and {Contreras}, C. and {Couch}, W. and 
	{Croom}, S. and {Croton}, D.~J. and {Davis}, T.~M. and {Drinkwater}, M.~J. and 
	{Forster}, K. and {Gilbank}, D. and {Gladders}, M. and {Glazebrook}, K. and 
	{Jelliffe}, B. and {Jurek}, R.~J. and {Li}, I.-h. and {Madore}, B. and 
	{Martin}, D.~C. and {Pimbblet}, K. and {Poole}, G.~B. and {Pracy}, M. and 
	{Sharp}, R. and {Wisnioski}, E. and {Woods}, D. and {Wyder}, T.~K. and 
	{Yee}, H.~K.~C.},
    title = "{The WiggleZ Dark Energy Survey: improved distance measurements to z = 1 with reconstruction of the baryonic acoustic feature}",
  journal = {Monthly Notices of the Royal Astronomical Society},
archivePrefix = "arXiv",
   eprint = {1401.0358},
 keywords = {cosmological parameters, distance scale, large-scale structure of the universe},
     year = 2014,
    month = jul,
   volume = 441,
    pages = {3524-3542},
      doi = {10.1093/mnras/stu778},
   adsurl = {http://adsabs.harvard.edu/abs/2014MNRAS.441.3524K},
  adsnote = {Provided by the SAO/NASA Astrophysics Data System}
}
@ARTICLE{2010ApJ...720.1650S,
   author = {{Seo}, H.-J. and {Eckel}, J. and {Eisenstein}, D.~J. and {Mehta}, K. and 
	{Metchnik}, M. and {Padmanabhan}, N. and {Pinto}, P. and {Takahashi}, R. and 
	{White}, M. and {Xu}, X.},
    title = "{High-precision Predictions for the Acoustic Scale in the Nonlinear Regime}",
  journal = {The Astrophysical Journal},
archivePrefix = "arXiv",
   eprint = {arXiv: 0910.5005},
 primaryClass = "astro-ph.CO",
 keywords = {distance scale, large-scale structure of universe, methods: numerical},
     year = 2010,
    month = sep,
   volume = 720,
    pages = {1650-1667},
      doi = {10.1088/0004-637X/720/2/1650},
   adsurl = {http://adsabs.harvard.edu/abs/2010ApJ...720.1650S},
  adsnote = {Provided by the SAO/NASA Astrophysics Data System}
}
@ARTICLE{2011ApJ...734...94M,
   author = {{Mehta}, K.~T. and {Seo}, H.-J. and {Eckel}, J. and {Eisenstein}, D.~J. and 
	{Metchnik}, M. and {Pinto}, P. and {Xu}, X.},
    title = "{Galaxy Bias and Its Effects on the Baryon Acoustic Oscillation Measurements}",
  journal = {The Astrophysical Journal},
archivePrefix = "arXiv",
   eprint = {1104.1178},
 primaryClass = "astro-ph.CO",
 keywords = {cosmological parameters, cosmology: theory, dark energy, dark matter, distance scale, large-scale structure of universe},
     year = 2011,
    month = jun,
   volume = 734,
      eid = {94},
    pages = {94},
      doi = {10.1088/0004-637X/734/2/94},
   adsurl = {http://adsabs.harvard.edu/abs/2011ApJ...734...94M},
  adsnote = {Provided by the SAO/NASA Astrophysics Data System}
}
@ARTICLE{1987MNRAS.227....1K,
   author = {{Kaiser}, N.},
    title = "{Clustering in real space and in redshift space}",
  journal = {Monthly Notices of the Royal Astronomical Society},
 keywords = {Astronomical Models, Deep Space, Galactic Clusters, Red Shift, Density Distribution, Power Spectra, Velocity Distribution},
     year = 1987,
    month = jul,
   volume = 227,
    pages = {1-21},
   adsurl = {http://adsabs.harvard.edu/abs/1987MNRAS.227....1K},
  adsnote = {Provided by the SAO/NASA Astrophysics Data System}
}

@ARTICLE{2015PhRvD..91l3523A,
   author = {{Aslanyan}, G. and {Easther}, R.},
    title = "{Signatures of the very early Universe: Inflation, spatial curvature, and large scale anomalies}",
  journal = {Physical Review D},
archivePrefix = "arXiv",
   eprint = {arXiv: 1504.03682},
 keywords = {Cosmology, Origin and formation of the Universe, Particle-theory and field-theory models of the early Universe, Observational cosmology},
     year = 2015,
    month = jun,
   volume = 91,
   number = 12,
      eid = {123523},
    pages = {123523},
      doi = {10.1103/PhysRevD.91.123523},
   adsurl = {http://adsabs.harvard.edu/abs/2015PhRvD..91l3523A},
  adsnote = {Provided by the SAO/NASA Astrophysics Data System}
}

@ARTICLE{2015arXiv150803786J,
   author = {{Johnson}, M.~C. and {Lin}, W.},
    title = "{Observable signatures of a classical transition}",
  journal = {Journal of Cosmology and Astroparticle Physics},
archivePrefix = "arXiv",
   eprint = {arXiv: 1508.03786},
     year = 2016,
    month = mar,
   volume = 3,
      eid = {051},
    pages = {051},
      doi = {10.1088/1475-7516/2016/03/051},
   adsurl = {http://adsabs.harvard.edu/abs/2016JCAP...03..051J},
  adsnote = {Provided by the SAO/NASA Astrophysics Data System}
}


@ARTICLE{2008PhLB..660..382B,
   author = {{Buniy}, R.~V. and {Hsu}, S.~D.~H. and {Zee}, A.},
    title = "{Does string theory predict an open universe?}",
  journal = {Physics Letters B},
   eprint = {hep-th/0610231},
     year = 2008,
    month = feb,
   volume = 660,
    pages = {382-385},
      doi = {10.1016/j.physletb.2008.01.007},
   adsurl = {http://adsabs.harvard.edu/abs/2008PhLB..660..382B},
  adsnote = {Provided by the SAO/NASA Astrophysics Data System}
}



@ARTICLE{2012PhRvD..86b3534G,
   author = {{Guth}, A.~H. and {Nomura}, Y.},
    title = "{What can the observation of nonzero curvature tell us?}",
  journal = {Physical Review D},
archivePrefix = "arXiv",
   eprint = {arXiv: 1203.6876},
 primaryClass = "hep-th",
 keywords = {Particle-theory and field-theory models of the early Universe, Origin and formation of the Universe, Observational cosmology},
     year = 2012,
    month = jul,
   volume = 86,
   number = 2,
      eid = {023534},
    pages = {023534},
      doi = {10.1103/PhysRevD.86.023534},
   adsurl = {http://adsabs.harvard.edu/abs/2012PhRvD..86b3534G},
  adsnote = {Provided by the SAO/NASA Astrophysics Data System},
  
}


@article{Guth2014,
  title={Inflationary paradigm after Planck 2013},
  author={Guth, Alan H and Kaiser, David I and Nomura, Yasunori},
  journal={Physics Letters B},
  volume={733},
  pages={112--119},
  year={2014},
  publisher={Elsevier},
  archivePrefix = "arXiv",
  eprint = {arXiv: 1312.7619},
}

@ARTICLE{2007JCAP...02..001I,
   author = {{Ichikawa}, K. and {Takahashi}, T.},
    title = "{Dark energy parametrizations and the curvature of the universe}",
  journal = {Journal of Cosmology and Astroparticle Physics},
   eprint = {arXiv: astro-ph/0612739},
     year = 2007,
    month = feb,
   volume = 2,
      eid = {001},
    pages = {001},
      doi = {10.1088/1475-7516/2007/02/001},
   adsurl = {http://adsabs.harvard.edu/abs/2007JCAP...02..001I},
  adsnote = {Provided by the SAO/NASA Astrophysics Data System}
}

@ARTICLE{2007JCAP...08..011C,
   author = {{Clarkson}, C. and {Cort{\^e}s}, M. and {Bassett}, B.},
    title = "{Dynamical dark energy or simply cosmic curvature?}",
  journal = {Journal of Cosmology and Astroparticle Physics},
   eprint = {arXiv: astro-ph/0702670},
     year = 2007,
    month = aug,
   volume = 8,
      eid = {011},
    pages = {011},
      doi = {10.1088/1475-7516/2007/08/011},
   adsurl = {http://adsabs.harvard.edu/abs/2007JCAP...08..011C},
  adsnote = {Provided by the SAO/NASA Astrophysics Data System}
}

@ARTICLE{2007PhRvD..76j3533W,
   author = {{Wang}, Y. and {Mukherjee}, P.},
    title = "{Observational constraints on dark energy and cosmic curvature}",
  journal = {Physical Review D},
   eprint = {arXiv: astro-ph/0703780},
 keywords = {Observational cosmology, Dark energy, Mathematical and relativistic aspects of cosmology},
     year = 2007,
    month = nov,
   volume = 76,
   number = 10,
      eid = {103533},
    pages = {103533},
      doi = {10.1103/PhysRevD.76.103533},
   adsurl = {http://adsabs.harvard.edu/abs/2007PhRvD..76j3533W},
  adsnote = {Provided by the SAO/NASA Astrophysics Data System}
}

@ARTICLE{2012PhRvD..85d3506C,
   author = {{Clarkson}, C. and {Clifton}, T. and {Coley}, A. and {Sung}, R.
	},
    title = "{Observational constraints on the averaged universe}",
  journal = {Physical Review D},
archivePrefix = "arXiv",
   eprint = {1111.2214},
 keywords = {Observational cosmology},
     year = 2012,
    month = feb,
   volume = 85,
   number = 4,
      eid = {043506},
    pages = {043506},
      doi = {10.1103/PhysRevD.85.043506},
   adsurl = {http://adsabs.harvard.edu/abs/2012PhRvD..85d3506C},
  adsnote = {Provided by the SAO/NASA Astrophysics Data System}
}

@ARTICLE{2015JCAP...06..050B,
   author = {{Bonvin}, C. and {Clarkson}, C. and {Durrer}, R. and {Maartens}, R. and 
	{Umeh}, O.},
    title = "{Do we care about the distance to the CMB? Clarifying the impact of second-order lensing}",
  journal = {Journal of Cosmology and Astroparticle Physics},
archivePrefix = "arXiv",
   eprint = {arXiv: 1503.07831},
     year = 2015,
    month = jun,
   volume = 6,
      eid = {050},
    pages = {050},
      doi = {10.1088/1475-7516/2015/06/050},
   adsurl = {http://adsabs.harvard.edu/abs/2015JCAP...06..050B},
  adsnote = {Provided by the SAO/NASA Astrophysics Data System}
}

@INPROCEEDINGS{2014IAUS..306...78T,
   author = {{Takada}, M.},
    title = "{Statistical challenges in weak lensing cosmology}",
 keywords = {methods: statistical, gravitational lensing, cosmology: theory, (cosmology:) large-scale structure of universe,},
booktitle = {Statistical Challenges in 21st Century Cosmology},
     year = 2014,
   series = {IAU Symposium},
   volume = 306,
archivePrefix = "arXiv",
   eprint = {arXiv: 1407.3330},
   editor = {{Heavens}, A. and {Starck}, J.-L. and {Krone-Martins}, A.},
    month = may,
    pages = {78-89},
      doi = {10.1017/S1743921314013878},
   adsurl = {http://adsabs.harvard.edu/abs/2014IAUS..306...78T},
  adsnote = {Provided by the SAO/NASA Astrophysics Data System}
}

@ARTICLE{2009ApJ...701..945S,
   author = {{Sato}, M. and {Hamana}, T. and {Takahashi}, R. and {Takada}, M. and 
	{Yoshida}, N. and {Matsubara}, T. and {Sugiyama}, N.},
    title = "{Simulations of Wide-Field Weak Lensing Surveys. I. Basic Statistics and Non-Gaussian Effects}",
  journal = {The Astrophysical Journal},
archivePrefix = "arXiv",
   eprint = {arXiv: 0906.2237},
 primaryClass = "astro-ph.CO",
 keywords = {cosmology: theory, gravitational lensing, large-scale structure of universe, methods: numerical},
     year = 2009,
    month = aug,
   volume = 701,
    pages = {945-954},
      doi = {10.1088/0004-637X/701/2/945},
   adsurl = {http://adsabs.harvard.edu/abs/2009ApJ...701..945S},
  adsnote = {Provided by the SAO/NASA Astrophysics Data System}
}

@ARTICLE{2014PhRvD..90b3003M,
   author = {{Manzotti}, A. and {Hu}, W. and {Benoit-L{\'e}vy}, A.},
    title = "{Super-sample CMB lensing}",
  journal = {Physical Review D},
archivePrefix = "arXiv",
   eprint = {1401.7992},
 keywords = {Background radiations, Dark energy, Gravitational lenses and luminous arcs},
     year = 2014,
    month = jul,
   volume = 90,
   number = 2,
      eid = {023003},
    pages = {023003},
      doi = {10.1103/PhysRevD.90.023003},
   adsurl = {http://adsabs.harvard.edu/abs/2014PhRvD..90b3003M},
  adsnote = {Provided by the SAO/NASA Astrophysics Data System}
}

@ARTICLE{2014PhRvD..89h3519L,
   author = {{Li}, Y. and {Hu}, W. and {Takada}, M.},
    title = "{Super-sample covariance in simulations}",
  journal = {Physical Review D},
archivePrefix = "arXiv",
   eprint = {arXiv: 1401.0385},
 keywords = {Cosmology, Dark energy, Observation and data reduction techniques, computer modeling and simulation, Superclusters, large-scale structure of the Universe},
     year = 2014,
    month = apr,
   volume = 89,
   number = 8,
      eid = {083519},
    pages = {083519},
      doi = {10.1103/PhysRevD.89.083519},
   adsurl = {http://adsabs.harvard.edu/abs/2014PhRvD..89h3519L},
  adsnote = {Provided by the SAO/NASA Astrophysics Data System}
}

@ARTICLE{2015arXiv151101465B,
   author = {{Baldauf}, T. and {Seljak}, U. and {Senatore}, L. and {Zaldarriaga}, M.
	},
    title = "{Linear response to long wavelength fluctuations using curvature simulations}",
  journal = {arXiv e-prints},
archivePrefix = "arXiv",
   eprint = {arXiv: 1511.01465},
 keywords = {Astrophysics - Cosmology and Nongalactic Astrophysics, General Relativity and Quantum Cosmology},
     year = 2015,
    month = nov,
   adsurl = {http://adsabs.harvard.edu/abs/2015arXiv151101465B},
  adsnote = {Provided by the SAO/NASA Astrophysics Data System}
}


@ARTICLE{2014PhRvD..90j3530L,
   author = {{Li}, Y. and {Hu}, W. and {Takada}, M.},
    title = "{Super-sample signal}",
  journal = {Physical Review D},
archivePrefix = "arXiv",
   eprint = {1408.1081},
 keywords = {Cosmology, Dark energy, Observation and data reduction techniques, computer modeling and simulation, Superclusters, large-scale structure of the Universe},
     year = 2014,
    month = nov,
   volume = 90,
   number = 10,
      eid = {103530},
    pages = {103530},
      doi = {10.1103/PhysRevD.90.103530},
   adsurl = {http://adsabs.harvard.edu/abs/2014PhRvD..90j3530L},
  adsnote = {Provided by the SAO/NASA Astrophysics Data System}
}


@ARTICLE{2010arXiv1003.4020V,
   author = {{van den Hoogen}, R.~J.},
    title = "{Averaging Spacetime: Where do we go from here?}",
  journal = {ArXiv e-prints},
archivePrefix = "arXiv",
   eprint = {1003.4020},
 primaryClass = "gr-qc",
 keywords = {General Relativity and Quantum Cosmology},
     year = 2010,
    month = mar,
   adsurl = {http://adsabs.harvard.edu/abs/2010arXiv1003.4020V},
  adsnote = {Provided by the SAO/NASA Astrophysics Data System}
}


@ARTICLE{2015JCAP...07..040B,
   author = {{Bonvin}, C. and {Clarkson}, C. and {Durrer}, R. and {Maartens}, R. and 
	{Umeh}, O.},
    title = "{Cosmological ensemble and directional averages of observables}",
  journal = {Journal of Cosmology and Astroparticle Physics},
archivePrefix = "arXiv",
   eprint = {1504.01676},
     year = 2015,
    month = jul,
   volume = 7,
      eid = {040},
    pages = {040},
      doi = {10.1088/1475-7516/2015/07/040},
   adsurl = {http://adsabs.harvard.edu/abs/2015JCAP...07..040B},
  adsnote = {Provided by the SAO/NASA Astrophysics Data System}
}


@ARTICLE{2008arXiv0804.1771W,
   author = {{Waterhouse}, T.~P. and {Zibin}, J.~P.},
    title = "{The cosmic variance of Omega}",
  journal = {arXiv e-prints},
archivePrefix = "arXiv",
   eprint = {arXiv: 0804.1771},
 keywords = {Astrophysics},
     year = 2008,
    month = apr,
   adsurl = {http://adsabs.harvard.edu/abs/2008arXiv0804.1771W},
  adsnote = {Provided by the SAO/NASA Astrophysics Data System}
}


@article{Vardanyan2009,
  title={How flat can you get? A model comparison perspective on the curvature of the Universe},
  author={Vardanyan, Mihran and Trotta, Roberto and Silk, Joseph},
  journal={Monthly Notices of the Royal Astronomical Society},
  volume={397},
  number={1},
  pages={431--444},
  year={2009},
  publisher={Oxford University Press},
  archivePrefix = "arXiv",
  eprint = {arXiv: 0901.3354},
  
}

@article{Vardanyan2011,
  title={Applications of Bayesian model averaging to the curvature and size of the Universe},
  author={Vardanyan, Mihran and Trotta, Roberto and Silk, Joseph},
  journal={Monthly Notices of the Royal Astronomical Society: Letters},
  volume={413},
  number={1},
  pages={L91--L95},
  year={2011},
  publisher={Oxford University Press},
  archivePrefix = "arXiv",
  eprint = {arXiv: 1101.5476},
}

@article{Sapone2014,
  title={Curvature versus distances: Testing the FLRW cosmology},
  author={Sapone, Domenico and Majerotto, Elisabetta and Nesseris, Savvas},
  journal={Physical Review D},
  volume={90},
  number={2},
  pages={023012},
  year={2014},
  publisher={APS},
  archivePrefix = "arXiv",
  eprint = {arXiv: 1402.2236},
}

@article{Bull2013,
  title={What if Planck's Universe isn't flat?},
  author={Bull, Philip and Kamionkowski, Marc},
  journal={Physical Review D},
  volume={87},
  number={8},
  pages={081301},
  year={2013},
  publisher={APS},
   archivePrefix = "arXiv",
  eprint = {arXiv: 1302.1617},
}

@ARTICLE{2016ApJ...817...26B,
   author = {{Bull}, P.},
    title = "{Extending Cosmological Tests of General Relativity with the Square Kilometre Array}",
  journal = {The Astrophysical Journal},
archivePrefix = "arXiv",
   eprint = {arXiv: 1509.07562},
 keywords = {cosmology: observations, gravitation, large-scale structure of universe},
     year = 2016,
    month = jan,
   volume = 817,
      eid = {26},
    pages = {26},
      doi = {10.3847/0004-637X/817/1/26},
   adsurl = {http://adsabs.harvard.edu/abs/2016ApJ...817...26B},
  adsnote = {Provided by the SAO/NASA Astrophysics Data System}
}

@ARTICLE{2014PhRvD..90j5023M,
   author = {{Marsh}, D.~J.~E. and {Bull}, P. and {Ferreira}, P.~G. and {Pontzen}, A.
	},
    title = "{Quintessence in a quandary: Prior dependence in dark energy models}",
  journal = {Physical Review D},
archivePrefix = "arXiv",
   eprint = {arXiv: 1406.2301},
 keywords = {Field theory, Distribution theory and Monte Carlo studies, Dark energy, Cosmology},
     year = 2014,
    month = nov,
   volume = 90,
   number = 10,
      eid = {105023},
    pages = {105023},
      doi = {10.1103/PhysRevD.90.105023},
   adsurl = {http://adsabs.harvard.edu/abs/2014PhRvD..90j5023M},
  adsnote = {Provided by the SAO/NASA Astrophysics Data System}
}

@ARTICLE{2016arXiv160208283S,
   author = {Salvatelli, V. and Piazza, F. and Marinoni, C.},
    title = "{Constraints on modified gravity from Planck 2015: when the health of your theory makes the difference}",
  journal = {arXiv e-prints},
archivePrefix = "arXiv",
   eprint = {arXiv: 1602.08283},
 keywords = {Astrophysics - Cosmology and Nongalactic Astrophysics, General Relativity and Quantum Cosmology, High Energy Physics - Phenomenology, High Energy Physics - Theory},
     year = 2016,
    month = feb,
   adsurl = {http://adsabs.harvard.edu/abs/2016arXiv160208283S},
  adsnote = {Provided by the SAO/NASA Astrophysics Data System}
}


@ARTICLE{2015JCAP...11..029P,
   author = {{P{\`e}renon}, L. and {Piazza}, F. and {Marinoni}, C. and {Hui}, L.
	},
    title = "{Phenomenology of dark energy: general features of large-scale perturbations}",
  journal = {Journal of Cosmology and Astroparticle Physics},
archivePrefix = "arXiv",
   eprint = {arXiv: 1506.03047},
     year = 2015,
    month = nov,
   volume = 11,
      eid = {029},
    pages = {029},
      doi = {10.1088/1475-7516/2015/11/029},
   adsurl = {http://adsabs.harvard.edu/abs/2015JCAP...11..029P},
  adsnote = {Provided by the SAO/NASA Astrophysics Data System}
}


@ARTICLE{2009PhRvD..80l3001K,
   author = {{Kunz}, M.},
    title = "{Degeneracy between the dark components resulting from the fact that gravity only measures the total energy-momentum tensor}",
  journal = {Physical Review D},
   eprint = {astro-ph/0702615},
 keywords = {Dark energy, Dark matter, Mathematical and relativistic aspects of cosmology},
     year = 2009,
    month = dec,
   volume = 80,
   number = 12,
      eid = {123001},
    pages = {123001},
      doi = {10.1103/PhysRevD.80.123001},
   adsurl = {http://adsabs.harvard.edu/abs/2009PhRvD..80l3001K},
  adsnote = {Provided by the SAO/NASA Astrophysics Data System}
}

@ARTICLE{2015JCAP...07..025W,
   author = {{Wojtak}, R. and {Davis}, T.~M. and {Wiis}, J.},
    title = "{Local gravitational redshifts can bias cosmological measurements}",
  journal = {Journal of Cosmology and Astroparticle Physics},
archivePrefix = "arXiv",
   eprint = {arXiv: 1504.00718},
     year = 2015,
    month = jul,
   volume = 7,
      eid = {025},
    pages = {025},
      doi = {10.1088/1475-7516/2015/07/025},
   adsurl = {http://adsabs.harvard.edu/abs/2015JCAP...07..025W},
  adsnote = {Provided by the SAO/NASA Astrophysics Data System}
}



@ARTICLE{2014Natur.513...71T,
   author = {{Tully}, R.~B. and {Courtois}, H. and {Hoffman}, Y. and {Pomar{\`e}de}, D.
	},
    title = "{The Laniakea supercluster of galaxies}",
  journal = {\nat},
archivePrefix = "arXiv",
   eprint = {arXiv: 1409.0880},
     year = 2014,
    month = sep,
   volume = 513,
    pages = {71-73},
      doi = {10.1038/nature13674},
   adsurl = {http://adsabs.harvard.edu/abs/2014Natur.513...71T},
  adsnote = {Provided by the SAO/NASA Astrophysics Data System}
}


@ARTICLE{2006PhRvD..73b3523B,
   author = {{Bonvin}, C. and {Durrer}, R. and {Gasparini}, M.~A.},
    title = "{Fluctuations of the luminosity distance}",
  journal = {Physical Review D},
   eprint = {arXiv: astro-ph/0511183},
 keywords = {Cosmology, Electric and magnetic fields, Distances redshifts radial velocities, spatial distribution of galaxies, Observational cosmology},
     year = 2006,
    month = jan,
   volume = 73,
   number = 2,
      eid = {023523},
    pages = {023523},
      doi = {10.1103/PhysRevD.73.023523},
   adsurl = {http://adsabs.harvard.edu/abs/2006PhRvD..73b3523B},
  adsnote = {Provided by the SAO/NASA Astrophysics Data System}
}

@ARTICLE{2016arXiv160309073D,
   author = {{Di Dio}, E. and {Montanari}, F. and {Raccanelli}, A. and {Durrer}, R. and 
	{Kamionkowski}, M. and {Lesgourgues}, J.},
    title = "{Curvature constraints from Large Scale Structure}",
  journal = {arXiv e-prints},
archivePrefix = "arXiv",
   eprint = {arXiv: 1603.09073},
 keywords = {Astrophysics - Cosmology and Nongalactic Astrophysics},
     year = 2016,
    month = mar,
   adsurl = {http://adsabs.harvard.edu/abs/2016arXiv160309073D},
  adsnote = {Provided by the SAO/NASA Astrophysics Data System}
}


@ARTICLE{2014CQGra..31t2001U,
   author = {{Umeh}, O. and {Clarkson}, C. and {Maartens}, R.},
    title = "{Nonlinear relativistic corrections to cosmological distances, redshift and gravitational lensing magnification: I. Key results}",
  journal = {Classical and Quantum Gravity},
archivePrefix = "arXiv",
   eprint = {arXiv: 1207.2109},
     year = 2014,
    month = oct,
   volume = 31,
   number = 20,
      eid = {202001},
    pages = {202001},
      doi = {10.1088/0264-9381/31/20/202001},
   adsurl = {http://adsabs.harvard.edu/abs/2014CQGra..31t2001U},
  adsnote = {Provided by the SAO/NASA Astrophysics Data System}
}


@article{JoachimiSchneider2009,
  title={The removal of shear-ellipticity correlations from the cosmic shear signal-Influence of photometric redshift errors on the nulling technique},
  author={Joachimi, Benjamin and Schneider, P},
  journal={Astronomy \& Astrophysics},
  volume={507},
  number={1},
  pages={105--129},
  year={2009},
  publisher={EDP Sciences},
  archivePrefix = "arXiv",
  eprint = {arXiv: 0905.0393},
}

@article{Kirk2011,
  title={The cosmological impact of intrinsic alignment model choice for cosmic shear},
  author={Kirk, Donnacha and Rassat, Anais and Host, Ole and Bridle, Sarah},
  journal={Monthly Notices of the Royal Astronomical Society},
  volume={424},
  number={3},
  pages={1647--1657},
  year={2012},
  publisher={Oxford University Press},
  archivePrefix = "arXiv",
  eprint = {arXiv: 1112.4752},
}

@article{Bridle2007,
  title={Dark energy constraints from cosmic shear power spectra: impact of intrinsic alignments on photometric redshift requirements},
  author={Bridle, Sarah and King, Lindsay},
  journal={New Journal of Physics},
  volume={9},
  number={12},
  pages={444},
  year={2007},
  publisher={IOP Publishing}
}

@article{Bartelmann2001,
  title={Weak gravitational lensing},
  author={Bartelmann, Matthias and Schneider, Peter},
  journal={Physics Reports},
  volume={340},
  number={4},
  pages={291--472},
  year={2001},
  publisher={Elsevier},
eprint=		"arXiv:  astro-ph/9912508",
}


@ARTICLE{2005APh....23..369H,
   author = {{Huterer}, D. and {Takada}, M.},
    title = "{Calibrating the nonlinear matter power spectrum: Requirements for future weak lensing surveys}",
  journal = {Astroparticle Physics},
   eprint = {astro-ph/0412142},
     year = 2005,
    month = may,
   volume = 23,
    pages = {369-376},
      doi = {10.1016/j.astropartphys.2005.02.006},
   adsurl = {http://adsabs.harvard.edu/abs/2005APh....23..369H},
  adsnote = {Provided by the SAO/NASA Astrophysics Data System}
}

@ARTICLE{2012JCAP...04..034H,
   author = {{Hearin}, A.~P. and {Zentner}, A.~R. and {Ma}, Z.},
    title = "{General requirements on matter power spectrum predictions for cosmology with weak lensing tomography}",
  journal = {Journal of Cosmology and Astroparticle Physics},
archivePrefix = "arXiv",
   eprint = {1111.0052},
     year = 2012,
    month = apr,
   volume = 4,
      eid = {034},
    pages = {034},
      doi = {10.1088/1475-7516/2012/04/034},
   adsurl = {http://adsabs.harvard.edu/abs/2012JCAP...04..034H},
  adsnote = {Provided by the SAO/NASA Astrophysics Data System}
}

@ARTICLE{2011MNRAS.415.3649V,
   author = {{van Daalen}, M.~P. and {Schaye}, J. and {Booth}, C.~M. and 
	{Dalla Vecchia}, C.},
    title = "{The effects of galaxy formation on the matter power spectrum: a challenge for precision cosmology}",
  journal = {Monthly Notices of the Royal Astronomical Society},
archivePrefix = "arXiv",
   eprint = {1104.1174},
 primaryClass = "astro-ph.CO",
 keywords = {gravitational lensing: weak, surveys, galaxies: formation, cosmology: theory, large-scale structure of Universe},
     year = 2011,
    month = aug,
   volume = 415,
    pages = {3649-3665},
      doi = {10.1111/j.1365-2966.2011.18981.x},
   adsurl = {http://adsabs.harvard.edu/abs/2011MNRAS.415.3649V},
  adsnote = {Provided by the SAO/NASA Astrophysics Data System}
}

@ARTICLE{2014arXiv1410.6826M,
   author = {{Mohammed}, I. and {Martizzi}, D. and {Teyssier}, R. and {Amara}, A.
	},
    title = "{Baryonic effects on weak-lensing two-point statistics and its cosmological implications}",
  journal = {ArXiv e-prints},
archivePrefix = "arXiv",
   eprint = {1410.6826},
 keywords = {Astrophysics - Cosmology and Nongalactic Astrophysics},
     year = 2014,
    month = oct,
   adsurl = {http://adsabs.harvard.edu/abs/2014arXiv1410.6826M},
  adsnote = {Provided by the SAO/NASA Astrophysics Data System}
}


@ARTICLE{2015JCAP...12..049S,
   author = {{Schneider}, A. and {Teyssier}, R.},
    title = "{A new method to quantify the effects of baryons on the matter power spectrum}",
  journal = {Journal of Cosmology and Astroparticle Physics},
archivePrefix = "arXiv",
   eprint = {arXiv: 1510.06034},
     year = 2015,
    month = dec,
   volume = 12,
      eid = {049},
    pages = {049},
      doi = {10.1088/1475-7516/2015/12/049},
   adsurl = {http://adsabs.harvard.edu/abs/2015JCAP...12..049S},
  adsnote = {Provided by the SAO/NASA Astrophysics Data System}
}

@article{Bassett2011,
	author = {Bassett, Bruce A. and Fantaye, Yabebal and Hlozek, Ren\'{e}e and Kotze, Jacques},
	title = {FISHER MATRIX PRELOADED â€” FISHER4CAST},
	journal = {International Journal of Modern Physics D},
	volume = {20},
	number = {13},
	pages = {2559-2598},
	year = {2011},
	eprint = {arXiv: 0906.0993},
}

@book{Fisher1935,
	title = 	"The design of experiments",
	author = 	"R. A. Fisher",
	publisher = 	"{Oliver \& Boyd}",
	year =		"1935",
}

@ARTICLE{2013LRR....16....6A,
   author = {{Amendola}, L. and {Appleby}, S. and {Bacon}, D. and {Baker}, T. and 
	{Baldi}, M. and {Bartolo}, N. and {Blanchard}, A. and {Bonvin}, C. and 
	{Borgani}, S. and {Branchini}, E. and {Burrage}, C. and {Camera}, S. and 
	{Carbone}, C. and {Casarini}, L. and {Cropper}, M. and {de Rham}, C. and 
	{Di Porto}, C. and {Ealet}, A. and {Ferreira}, P.~G. and {Finelli}, F. and 
	{Garc{\'{\i}}a-Bellido}, J. and {Giannantonio}, T. and {Guzzo}, L. and 
	{Heavens}, A. and {Heisenberg}, L. and {Heymans}, C. and {Hoekstra}, H. and 
	{Hollenstein}, L. and {Holmes}, R. and {Horst}, O. and {Jahnke}, K. and 
	{Kitching}, T.~D. and {Koivisto}, T. and {Kunz}, M. and {La Vacca}, G. and 
	{March}, M. and {Majerotto}, E. and {Markovic}, K. and {Marsh}, D. and 
	{Marulli}, F. and {Massey}, R. and {Mellier}, Y. and {Mota}, D.~F. and 
	{Nunes}, N. and {Percival}, W. and {Pettorino}, V. and {Porciani}, C. and 
	{Quercellini}, C. and {Read}, J. and {Rinaldi}, M. and {Sapone}, D. and 
	{Scaramella}, R. and {Skordis}, C. and {Simpson}, F. and {Taylor}, A. and 
	{Thomas}, S. and {Trotta}, R. and {Verde}, L. and {Vernizzi}, F. and 
	{Vollmer}, A. and {Wang}, Y. and {Weller}, J. and {Zlosnik}, T.
	},
    title = "{Cosmology and Fundamental Physics with the Euclid Satellite}",
  journal = {Living Reviews in Relativity},
archivePrefix = "arXiv",
   eprint = {arXiv: 1206.1225},
 keywords = {Astrophysics: Cosmology and Extragalactic Astrophysics, General Relativity and Quantum Cosmology, High Energy Physics: Phenomenology, cosmology, dark energy, galaxy evolution  },
     year = 2013,
    month = sep,
   volume = 16,
      doi = {10.12942/lrr-2013-6},
   adsurl = {http://adsabs.harvard.edu/abs/2013LRR....16....6A},
  adsnote = {Provided by the SAO/NASA Astrophysics Data System}
}

@ARTICLE{2014JCAP...05..023F,
   author = {{Font-Ribera}, A. and {McDonald}, P. and {Mostek}, N. and {Reid}, B.~A. and 
	{Seo}, H.-J. and {Slosar}, A.},
    title = "{DESI and other Dark Energy experiments in the era of neutrino mass measurements}",
  journal = {Journal of Cosmology and Astroparticle Physics},
archivePrefix = "arXiv",
   eprint = {arXiv: 1308.4164},
     year = 2014,
    month = may,
   volume = 5,
      eid = {023},
    pages = {023},
      doi = {10.1088/1475-7516/2014/05/023},
   adsurl = {http://adsabs.harvard.edu/abs/2014JCAP...05..023F},
  adsnote = {Provided by the SAO/NASA Astrophysics Data System}
}

@article{Bonvin2015,
  title={Do we care about the distance to the CMB? Clarifying the impact of second-order lensing},
  author={Bonvin, Camille and Clarkson, Chris and Durrer, Ruth and Maartens, Roy and Umeh, Obinna},
  journal={Journal of Cosmology and Astroparticle Physics},
  volume={2015},
  number={06},
  pages={050},
  year={2015},
  publisher={IOP Publishing},
  eprint={arXiv: 1503.07831},
}

@article{Schneider2005,
  title={Weak gravitational lensing},
  author={Schneider, Peter},
  journal={arXiv e-prints},
  archivePrefix = "arXiv",
  eprint = {arXiv: astro-ph/0509252},
  year={2005},
}

@article{Hinshaw2013,
  title={Nine-year Wilkinson Microwave Anisotropy Probe (WMAP) observations: cosmological parameter results},
  author={Hinshaw, G and Larson, D and Komatsu, E and Spergel, DN and Bennett, CL and Dunkley, J and Nolta, MR and Halpern, M and Hill, RS and Odegard, N and others},
  journal={The Astrophysical Journal},
  volume={208},
  number={2},
  pages={19},
  year={2013},
  publisher={IOP Publishing},
  eprint={arXiv: 1212.5226},
}

@inproceedings{Niemack2010,
  title={{ACTPol: a polarization-sensitive receiver for the Atacama Cosmology Telescope}},
  author={Niemack, MD and Ade, Peter AR and Aguirre, J and Barrientos, F and Beall, JA and Bond, JR and Britton, J and Cho, HM and Das, S and Devlin, MJ and others},
  booktitle={SPIE Astronomical Telescopes+ Instrumentation},
  pages={77411S--77411S},
  year={2010},
  organization={International Society for Optics and Photonics},
  eprint={arXiv: 1006.5049},
}

@article{DES,
  title={The dark energy survey},
  author={{Dark Energy Survey Collaboration}},
  journal={arXiv e-prints},
  archivePrefix = "arXiv",
  eprint={astro-ph/0510346},
  year={2005}
}

@article{Dawson2012,
  title={The baryon oscillation spectroscopic survey of SDSS-III},
  author={Dawson, Kyle S and Schlegel, David J and Ahn, Christopher P and Anderson, Scott F and Aubourg, {\'E}ric and Bailey, Stephen and Barkhouser, Robert H and Bautista, Julian E and Beifiori, Alessandra and Berlind, Andreas A and others},
  journal={The Astronomical Journal},
  volume={145},
  number={1},
  pages={10},
  year={2012},
  publisher={IOP Publishing},
  archivePrefix = "arXiv",
  eprint={arXiv: 1208.0022},
}


@ARTICLE{Henderson2015,
   author = {{Henderson}, S.~W. and {Allison}, R. and {Austermann}, J. and 
	{Baildon}, T. and {Battaglia}, N. and {Beall}, J.~A. and {Becker}, D. and 
	{De Bernardis}, F. and {Bond}, J.~R. and {Calabrese}, E. and 
	{Choi}, S.~K. and {Coughlin}, K.~P. and {Crowley}, K.~T. and 
	{Datta}, R. and {Devlin}, M.~J. and {Duff}, S.~M. and {Dunkley}, J. and 
	{D{\"u}nner}, R. and {van Engelen}, A. and {Gallardo}, P.~A. and 
	{Grace}, E. and {Hasselfield}, M. and {Hills}, F. and {Hilton}, G.~C. and 
	{Hincks}, A.~D. and {Hlo{\^z}ek}, R. and {Ho}, S.~P. and {Hubmayr}, J. and 
	{Huffenberger}, K. and {Hughes}, J.~P. and {Irwin}, K.~D. and 
	{Koopman}, B.~J. and {Kosowsky}, A.~B. and {Li}, D. and {McMahon}, J. and 
	{Munson}, C. and {Nati}, F. and {Newburgh}, L. and {Niemack}, M.~D. and 
	{Niraula}, P. and {Page}, L.~A. and {Pappas}, C.~G. and {Salatino}, M. and 
	{Schillaci}, A. and {Schmitt}, B.~L. and {Sehgal}, N. and {Sherwin}, B.~D. and 
	{Sievers}, J.~L. and {Simon}, S.~M. and {Spergel}, D.~N. and 
	{Staggs}, S.~T. and {Stevens}, J.~R. and {Thornton}, R. and 
	{Van Lanen}, J. and {Vavagiakis}, E.~M. and {Ward}, J.~T. and 
	{Wollack}, E.~J.},
    title = "{Advanced ACTPol Cryogenic Detector Arrays and Readout}",
  journal = {Journal of Low Temperature Physics},
archivePrefix = "arXiv",
   eprint = {arXiv: 1510.02809},
 primaryClass = "astro-ph.IM",
 keywords = {Bolometers, Cosmic microwave background, Millimeter-wave, Polarimetry, Superconducting detectors, Transition edge sensors},
     year = 2016,
    month = mar,
      doi = {10.1007/s10909-016-1575-z},
   adsurl = {http://adsabs.harvard.edu/abs/2016JLTP..tmp..144H},
  adsnote = {Provided by the SAO/NASA Astrophysics Data System}
}

@article{Refregier2010,
  title={Euclid imaging consortium science book},
  author={Refregier, Alexandre and Amara, Adam and Kitching, TD and Rassat, Ana{\i}s and Scaramella, Roberto and Weller, Jochen and others},
   journal={arXiv e-prints},
   archivePrefix = "arXiv",
  eprint={arXiv: 1001.0061},
  year={2010}
}

@article{Wu2014,
  title={A guide to designing future ground-based cosmic microwave background experiments},
  author={Wu, WLK and Errard, J and Dvorkin, C and Kuo, CL and Lee, AT and McDonald, P and Slosar, A and Zahn, O},
  journal={The Astrophysical Journal},
  volume={788},
  number={2},
  pages={138},
  year={2014},
  publisher={IOP Publishing},
  archivePrefix = "arXiv",
  eprint={arXiv: 1402.4108},
}

@article{LSST,
  title={Large synoptic survey telescope: Dark energy science collaboration},
  author={{LSST Dark Energy Science Collaboration}},
  archivePrefix = "arXiv",
  eprint={arXiv: 1211.0310},
  journal={arXiv e-prints},
  year={2012}
}

@ARTICLE{2015PhRvL.114j1301B,
   author = {{BICEP2/Keck and Planck Collaborations}},
    title = "{Joint Analysis of BICEP2/Keck Array and Planck Data}",
  journal = {Physical Review Letters},
archivePrefix = "arXiv",
   eprint = {arXiv: 1502.00612},
 keywords = {Background radiations, Gravitational wave detectors and experiments, Radio microwave, Observational cosmology},
     year = 2015,
    month = mar,
   volume = 114,
   number = 10,
      eid = {101301},
    pages = {101301},
      doi = {10.1103/PhysRevLett.114.101301},
   adsurl = {http://adsabs.harvard.edu/abs/2015PhRvL.114j1301B},
  adsnote = {Provided by the SAO/NASA Astrophysics Data System}
}

@article{Ade2014,
  title={Detection of B-mode polarization at degree angular scales by BICEP2},
  author={Ade, PAR and Aikin, RW and Barkats, D and Benton, SJ and Bischoff, CA and Bock, JJ and Brevik, JA and Buder, I and Bullock, E and Dowell, CD and others},
  journal={Physical Review Letters},
  volume={112},
  number={24},
  pages={241101},
  year={2014},
  publisher={APS},
  eprint={arXiv: 1403.3985},
}

@ARTICLE{2015arXiv150702704P,
   author = {{Planck Collaboration}},
    title = "{Planck 2015 results. XI. CMB power spectra, likelihoods, and robustness of parameters}",
  journal = {ArXiv e-prints},
archivePrefix = "arXiv",
   eprint = {1507.02704},
 keywords = {Astrophysics - Cosmology and Nongalactic Astrophysics},
     year = 2015,
    month = jul,
   adsurl = {http://adsabs.harvard.edu/abs/2015arXiv150702704P},
  adsnote = {Provided by the SAO/NASA Astrophysics Data System}
}


@article{Maartens:2015mra,
      author         = "Maartens, Roy and Abdalla, Filipe B. and Jarvis, Matt and
                        Santos, Mario G.",
      title          = "{Overview of Cosmology with the SKA}",
      journal        = "Advancing Astrophysics with the Square Kilometre Array (AASKA14)",
      year           = "2015",
      pages          = "016",
      eprint         = "arXiv: 1501.04076",
      archivePrefix  = "arXiv",
      primaryClass   = "astro-ph.CO",
      SLACcitation   = "%%CITATION = arXiv: 1501.04076;%%"
}

@article{Takada2015,
  title={Geometrical constraint on curvature with BAO experiments},
  author={Takada, Masahiro and Dor{\'e}, Olivier},
  journal={Physical Review D},
  volume={92},
  number={12},
  pages={123518},
  year={2015},
  publisher={APS},
  archivePrefix = "arXiv",
  eprint = {arXiv: 1508.02469},
}

@article{Smith2012,
  title={Impact of assuming flatness in the determination of neutrino properties from cosmological data},
  author={Smith, Aaron and Archidiacono, Maria and Cooray, Asantha and De Bernardis, Francesco and Melchiorri, Alessandro and Smidt, Joseph},
  journal={Physical Review D},
  volume={85},
  number={12},
  pages={123521},
  year={2012},
  publisher={APS},
   archivePrefix = "arXiv",
  eprint = {arXiv: 1112.3006},
}

@article{Barenboim2010,
  title={The dark side of curvature},
  author={Barenboim, Gabriela and Mart{\'\i}nez, Enrique Fern{\'a}ndez and Mena, Olga and Verde, Licia},
  journal={Journal of Cosmology and Astroparticle Physics},
  volume={2010},
  number={03},
  pages={008},
  year={2010},
  publisher={IOP Publishing},
  archivePrefix = "arXiv",
  eprint = {arXiv: 0910.0252},
}

@article{Mortonson2009,
  title={Testing flatness of the universe with probes of cosmic distances and growth},
  author={Mortonson, Michael J},
  journal={Physical Review D},
  volume={80},
  number={12},
  pages={123504},
  year={2009},
  publisher={APS},
  archivePrefix = "arXiv",
  eprint = {arXiv: 0908.0346},
}

@ARTICLE{2014MNRAS.443L.119H,
   author = {{Hall}, A. and {Taylor}, A.},
    title = "{Intrinsic alignments in the cross-correlation of cosmic shear and cosmic microwave background weak lensing}",
  journal = {Monthly Notices of the Royal Astronomical Society},
archivePrefix = "arXiv",
   eprint = {arXiv: 1401.6018},
 keywords = {gravitational lensing: weak, cosmology: observations, cosmology: theory},
     year = 2014,
    month = sep,
   volume = 443,
    pages = {L119-L123},
      doi = {10.1093/mnrasl/slu094},
   adsurl = {http://adsabs.harvard.edu/abs/2014MNRAS.443L.119H},
  adsnote = {Provided by the SAO/NASA Astrophysics Data System}
}

@ARTICLE{Simon2007,
   author = {{Simon}, P.},
    title = "{How accurate is Limber's equation?}",
  journal = {Astronomy \& Astrophysics},
   eprint = {arXiv: astro-ph/0609165},
     year = 2007,
    month = oct,
   volume = 473,
    pages = {711-714},
      doi = {10.1051/0004-6361:20066352},
   adsurl = {http://adsabs.harvard.edu/abs/2007A%26A...473..711S},
  adsnote = {Provided by the SAO/NASA Astrophysics Data System}
}



@article{Chisari2015,
  title={Contamination of early-type galaxy alignments to galaxy lensing--CMB lensing cross-correlation},
  author={Chisari, Nora Elisa and Dunkley, Joanna and Miller, Lance and Allison, Rupert},
  journal={Monthly Notices of the Royal Astronomical Society},
  volume={453},
  number={1},
  pages={682--689},
  year={2015},
  publisher={Oxford University Press},
  archivePrefix = "arXiv",
  eprint = {arXiv: 1507.03906},
}

@article{Chen2016,
  title={Constraints on non-flat cosmologies with massive neutrinos after Planck 2015},
  author={Chen, Yun and Ratra, Bharat and Biesiada, Marek and Li, Song and Zhu, Zong-Hong},
  archivePrefix = "arXiv",
  eprint = {arXiv: 1603.07115},
  journal={arXiv e-prints},
  year={2016}
}

@article{Zhan2008,
  title={Distance, growth factor, and dark energy constraints from photometric baryon acoustic oscillation and weak lensing measurements},
  author={Zhan, Hu and Knox, Lloyd and Tyson, J Anthony},
  journal={The Astrophysical Journal},
  volume={690},
  number={1},
  pages={923},
  year={2008},
  publisher={IOP Publishing},
  archivePrefix = "arXiv",
  eprint = {arXiv: 0806.0937},
}

@article{Knox2006b,
  title={Weighing the universe with photometric redshift surveys and the impact on dark energy forecasts},
  author={Knox, Lloyd and Song, Yong-Seon and Zhan, Hu},
  journal={The Astrophysical Journal},
  volume={652},
  number={2},
  pages={857},
  year={2006},
  publisher={IOP Publishing},
  archivePrefix = "arXiv",
  eprint = {arXiv: astro-ph/0605536},
  
}

@article{PlanckLensing2015,
  title={Planck 2015 results. XV. Gravitational lensing},
  author={{Planck Collaboration}},
  journal={arXiv e-prints}, 
  archivePrefix = "arXiv",
  eprint = {arXiv: 1502.01591},
  year={2015},
}

@article{Planck2013,
  title={Planck 2013 results. XVI. Cosmological parameters},
  author={{Planck Collaboration}},
  journal={Astronomy \& Astrophysics},
  volume={571},
  pages={A16},
  year={2014},
  publisher={EDP Sciences},
  eprint={arXiv: 1303.5076},
  
}

@article{Baker:2012zs,
      author         = "Baker, Tessa and Ferreira, Pedro G. and Skordis,
                        Constantinos",
      title          = "{The Parameterized Post-Friedmann Framework for Theories
                        of Modified Gravity: Concepts, Formalism and Examples}",
      journal        = "Physical Review D",
      volume         = "87",
      pages          = "024015",
      doi            = "10.1103/PhysRevD.87.024015",
      year           = "2013",
      eprint         = "arXiv: 1209.2117",
      archivePrefix  = "arXiv",
      primaryClass   = "astro-ph.CO",
      SLACcitation   = "%%CITATION = arXiv: 1209.2117;%%",
}

@article{Creminelli:2008wc,
      author         = "Creminelli, Paolo and D'Amico, Guido and Norena, Jorge
                        and Vernizzi, Filippo",
      title          = "{The Effective Theory of Quintessence: the w<-1 Side
                        Unveiled}",
      journal        = "Journal of Cosmology and Astroparticle Physics",
      volume         = "0902",
      pages          = "018",
      doi            = "10.1088/1475-7516/2009/02/018",
      year           = "2009",
      eprint         = "arXiv: 0811.0827",
      archivePrefix  = "arXiv",
      primaryClass   = "astro-ph",
      SLACcitation   = "%%CITATION = arXiv: 0811.0827;%%",
}

@article{Baker:2011jy,
      author         = "Baker, Tessa and Ferreira, Pedro G. and Skordis,
                        Constantinos and Zuntz, Joe",
      title          = "{Towards a fully consistent parameterization of modified
                        gravity}",
      journal        = "Physical Review D",
      volume         = "84",
      pages          = "124018",
      doi            = "10.1103/PhysRevD.84.124018",
      year           = "2011",
      eprint         = "arXiv: 1107.0491",
      archivePrefix  = "arXiv",
      primaryClass   = "astro-ph.CO",
      SLACcitation   = "%%CITATION = arXiv: 1107.0491;%%",
}


@article{Gleyzes2014b,
  title={Exploring gravitational theories beyond Horndeski},
  author={Gleyzes, J{\'e}r{\^o}me and Langlois, David and Piazza, Federico and Vernizzi, Filippo},
  journal={Journal of Cosmology and Astroparticle Physics},
  volume={2015},
  number={02},
  pages={018},
  year={2015},
  publisher={IOP Publishing},
  eprint={arXiv: 1408.1952},
}

@ARTICLE{Gleyzes2013,
   author = {{Gleyzes}, J. and {Langlois}, D. and {Piazza}, F. and {Vernizzi}, F.
	},
    title = "{Essential building blocks of dark energy}",
  journal = {Journal of Cosmology and Astroparticle Physics},
archivePrefix = "arXiv",
   eprint = {arXiv: 1304.4840},
 primaryClass = "hep-th",
     year = 2013,
    month = aug,
   volume = 8,
      eid = {025},
    pages = {25},
      doi = {10.1088/1475-7516/2013/08/025},
   adsurl = {http://adsabs.harvard.edu/abs/2013JCAP...08..025G},
  adsnote = {Provided by the SAO/NASA Astrophysics Data System}
}

@article{Bloomfield2013,
      author         = "Bloomfield, Jolyon K. and Flanagan, {\'E}anna {\'E}.  and Park,
                        Minjoon and Watson, Scott",
      title          = "{Dark energy or modified gravity?  An effective field
                        theory approach}",
      journal        = "Journal of Cosmology and Astroparticle Physics",
      volume         = "1308",
      pages          = "010",
      doi            = "10.1088/1475-7516/2013/08/010",
      year           = "2013",
      eprint         = "arXiv: 1211.7054",
      archivePrefix  = "arXiv",
      primaryClass   = "astro-ph.CO",
      SLACcitation   = "%%CITATION = arXiv: 1211.7054;%%",
}

@article{Amendola2013,
  	title = {Observables and unobservables in dark energy cosmologies},
  	author = {Amendola, Luca and Kunz, Martin and Motta, Mariele and Saltas, Ippocratis D. and Sawicki, Ignacy},
  	journal = {Physical Review D},
  	volume = {87},
  	issue = {2},
  	pages = {023501},
  	numpages = {8},
  	year = {2013},
  	month = {Jan},
	eprint = {arXiv: 1210.0439},
}

@ARTICLE{Amendola_Fogli2013,
   author = {{Amendola}, L. and {Fogli}, S. and {Guarnizo}, A. and {Kunz}, M. and 
	{Vollmer}, A.},
    title = "{Model-independent constraints on the cosmological anisotropic stress}",
  journal = {Physical Review D},
archivePrefix = "arXiv",
   eprint = {arXiv: 1311.4765},
 keywords = {Cosmology, Dark energy, Observational cosmology},
     year = 2014,
    month = mar,
   volume = 89,
   number = 6,
      eid = {063538},
    pages = {063538},
      doi = {10.1103/PhysRevD.89.063538},
   adsurl = {http://adsabs.harvard.edu/abs/2014PhRvD..89f3538A},
  adsnote = {Provided by the SAO/NASA Astrophysics Data System}
}

@ARTICLE{Hojjati2013a,
   author = {{Hojjati}, A.},
    title = "{Degeneracies in parametrized modified gravity models}",
  journal = {Journal of Cosmology and Astroparticle Physics},
archivePrefix = "arXiv",
   eprint = {arXiv: 1210.3903},
 primaryClass = "astro-ph.CO",
     year = 2013,
    month = jan,
   volume = 1,
      eid = {009},
    pages = {9},
      doi = {10.1088/1475-7516/2013/01/009},
   adsurl = {http://adsabs.harvard.edu/abs/2013JCAP...01..009H},
  adsnote = {Provided by the SAO/NASA Astrophysics Data System}
}

@article{Battye:2012eu,
      author         = "Battye, Richard A. and Pearson, Jonathan A.",
      title          = "{Effective action approach to cosmological perturbations
                        in dark energy and modified gravity}",
      journal        = "Journal of Cosmology and Astroparticle Physics",
      volume         = "1207",
      pages          = "019",
      doi            = "10.1088/1475-7516/2012/07/019",
      year           = "2012",
      eprint         = "arXiv: 1203.0398",
      archivePrefix  = "arXiv",
      primaryClass   = "hep-th",
      SLACcitation   = "%%CITATION = arXiv: 1203.0398;%%",
}

@ARTICLE{Battye:2014xna,
   author = {{Battye}, R.~A. and {Moss}, A. and {Pearson}, J.~A.},
    title = "{Constraining dark sector perturbations I: cosmic shear and CMB lensing}",
  journal = {Journal of Cosmology and Astroparticle Physics},
archivePrefix = "arXiv",
   eprint = {arXiv: 1409.4650},
     year = 2015,
    month = apr,
   volume = 4,
      eid = {048},
    pages = {048},
      doi = {10.1088/1475-7516/2015/04/048},
   adsurl = {http://adsabs.harvard.edu/abs/2015JCAP...04..048B},
  adsnote = {Provided by the SAO/NASA Astrophysics Data System}
}


@article{Hu2000,
  	title = {Weak lensing of the CMB: A harmonic approach},
  	author = {Hu, Wayne},
  	journal = {Physical Review D},
  	volume = {62},
  	issue = {4},
  	pages = {043007},
  	numpages = {17},
  	year = {2000},
  	month = {Jul},
  	publisher = {American Physical Society},
  	doi = {10.1103/PhysRevD.62.043007},
  	url = {http://link.aps.org/doi/10.1103/PhysRevD.62.043007},
	eprint= {arXiv:  astro-ph/0001303},
}

@ARTICLE{Albrecht2006,
   author = {{Albrecht}, A. and {Bernstein}, G. and {Cahn}, R. and {Freedman}, W.~L. and 
	{Hewitt}, J. and {Hu}, W. and {Huth}, J. and {Kamionkowski}, M. and 
	{Kolb}, E.~W. and {Knox}, L. and {Mather}, J.~C. and {Staggs}, S. and 
	{Suntzeff}, N.~B.},
    title = "{Report of the Dark Energy Task Force}",
  journal = {arXiv e-prints},
   eprint = {arXiv: astro-ph/0609591},
 keywords = {Astrophysics},
     year = 2006,
    month = sep,
   adsurl = {http://adsabs.harvard.edu/abs/2006astro.ph..9591A},
  adsnote = {Provided by the SAO/NASA Astrophysics Data System}
}

@INBOOK{Bassett2010,
   author = {{Bassett}, B. and {Hlozek}, R.},
    title = "{Baryon acoustic oscillations}",
booktitle = {Dark Energy: Observational and Theoretical Approaches},
     year = 2010,
   editor = {{Ruiz-Lapuente}, P.},
    pages = {246},
   adsurl = {http://adsabs.harvard.edu/abs/2010deot.book..246B},
  adsnote = {Provided by the SAO/NASA Astrophysics Data System},
  eprint = {arXiv: 0910.5224},
  publisher={Cambridge University Press},
}


@misc{Phil,
	author= 	"Philip Bull",
	howpublished=	"Private communication",
}

@article{DeFelice2011,
  title={Effective gravitational couplings for cosmological perturbations in the most general scalar--tensor theories with second-order field equations},
  author={De Felice, Antonio and Kobayashi, Tsutomu and Tsujikawa, Shinji},
  journal={Physics Letters B},
  volume={706},
  number={2},
  pages={123--133},
  year={2011},
  publisher={Elsevier},
  eprint={arXiv: 1108.4242},
}

@article{VanWaerbeke2000,
  title={Detection of correlated galaxy ellipticities on CFHT data: first evidence for gravitational lensing by large-scale structures},
  author={Van Waerbeke, Ludovic and Mellier, Y and Erben, T and Cuillandre, JC and Bernardeau, F and Maoli, R and Bertin, E and Mc Cracken, HJ and Fevre, O Le and Fort, B and others},
  journal={Astronomy and Astrophysics},
  volume={358},
  pages={30-44},
  eprint={arXiv: astro-ph/0002500},
  year={2000}
}

@ARTICLE{Kilbinger2013,
   author = {{Kilbinger}, M. and {Fu}, L. and {Heymans}, C. and {Simpson}, F. and 
	{Benjamin}, J. and {Erben}, T. and {Harnois-D{\'e}raps}, J. and 
	{Hoekstra}, H. and {Hildebrandt}, H. and {Kitching}, T.~D. and 
	{Mellier}, Y. and {Miller}, L. and {Van Waerbeke}, L. and {Benabed}, K. and 
	{Bonnett}, C. and {Coupon}, J. and {Hudson}, M.~J. and {Kuijken}, K. and 
	{Rowe}, B. and {Schrabback}, T. and {Semboloni}, E. and {Vafaei}, S. and 
	{Velander}, M.},
    title = "{CFHTLenS: combined probe cosmological model comparison using 2D weak gravitational lensing}",
  journal = {Monthly Notices of the Royal Astronomical Society},
archivePrefix = "arXiv",
   eprint = {arXiv: 1212.3338},
 keywords = {methods: statistical, cosmological parameters},
     year = 2013,
    month = apr,
   volume = 430,
    pages = {2200-2220},
      doi = {10.1093/mnras/stt041},
   adsurl = {http://adsabs.harvard.edu/abs/2013MNRAS.430.2200K},
  adsnote = {Provided by the SAO/NASA Astrophysics Data System}
}


@article{Zentner2013,
  title={Accounting for baryons in cosmological constraints from cosmic shear},
  author={Zentner, Andrew R and Semboloni, Elisabetta and Dodelson, Scott and Eifler, Tim and Krause, Elisabeth and Hearin, Andrew P},
  journal={Physical Review D},
  volume={87},
  number={4},
  pages={043509},
  year={2013},
  publisher={APS},
	eprint={arXiv: 1212.1177 },
}

@ARTICLE{Heymans2013,
   author = {{Heymans}, C. and {Grocutt}, E. and {Heavens}, A. and {Kilbinger}, M. and 
	{Kitching}, T.~D. and {Simpson}, F. and {Benjamin}, J. and {Erben}, T. and 
	{Hildebrandt}, H. and {Hoekstra}, H. and {Mellier}, Y. and {Miller}, L. and 
	{Van Waerbeke}, L. and {Brown}, M.~L. and {Coupon}, J. and {Fu}, L. and 
	{Harnois-D{\'e}raps}, J. and {Hudson}, M.~J. and {Kuijken}, K. and 
	{Rowe}, B. and {Schrabback}, T. and {Semboloni}, E. and {Vafaei}, S. and 
	{Velander}, M.},
    title = "{CFHTLenS tomographic weak lensing cosmological parameter constraints: Mitigating the impact of intrinsic galaxy alignments}",
  journal = {Monthly Notices of the Royal Astronomical Society},
archivePrefix = "arXiv",
   eprint = {arXiv: 1303.1808},
 keywords = {cosmology: observations},
     year = 2013,
    month = jul,
   volume = 432,
    pages = {2433-2453},
      doi = {10.1093/mnras/stt601},
   adsurl = {http://adsabs.harvard.edu/abs/2013MNRAS.432.2433H},
  adsnote = {Provided by the SAO/NASA Astrophysics Data System}
}

@article{Khoury2009,
  title={N-body simulations of DGP and degravitation theories},
  author={Khoury, Justin and Wyman, Mark},
  journal={Physical Review D},
  volume={80},
  number={6},
  pages={064023},
  year={2009},
  publisher={APS},
  eprint={arXiv: 0903.1292}, 
}

@article{Brax2012,
  title={Systematic simulations of modified gravity: symmetron and dilaton models},
  author={Brax, Philippe and Davis, Anne-Christine and Li, Baojiu and Winther, Hans A and Zhao, Gong-Bo},
  journal={Journal of Cosmology and Astroparticle Physics},
  volume={2012},
  number={10},
  pages={002},
  year={2012},
  publisher={IOP Publishing}, 
  eprint={arXiv: 1206.3568},
}

@article{Brax2013,
  title={Systematic simulations of modified gravity: chameleon models},
  author={Brax, Philippe and Davis, Anne-Christine and Li, Baojiu and Winther, Hans A and Zhao, Gong-Bo},
  journal={Journal of Cosmology and Astroparticle Physics},
  volume={2013},
  number={04},
  pages={029},
  year={2013},
  publisher={IOP Publishing},
  eprint={arXiv: 1303.0007},
}

@article{Tegmark1997,
  title={Karhunen-Loeve eigenvalue problems in cosmology: How should we tackle large data sets?},
  author={Tegmark, Max and Taylor, Andy N and Heavens, Alan F},
  journal={The Astrophysical Journal},
  volume={480},
  number={1},
  pages={22},
  year={1997},
  publisher={IOP Publishing},
  eprint={arXiv: astro-ph/9603021},
}

@article{Abbott2015,
  title={Cosmology from cosmic shear with DES science verification data},
  author={Abbott, T and Abdalla, FB and Allam, S and Amara, A and Annis, J and Armstrong, R and Bacon, D and Banerji, M and Bauer, AH and Baxter, E and others},
  journal={arXiv e-prints},
  eprint={arXiv:  1507.05552},
  year={2015}
}

@article{Clampitt2016,
  title={Galaxy-Galaxy Lensing in the DES Science Verification Data},
  author={Clampitt, J and S{\'a}nchez, C and Kwan, J and Krause, E and MacCrann, N and Park, Y and Troxel, MA and Jain, B and Rozo, E and Rykoff, ES and others},
  journal={arXiv e-prints},
  eprint={arXiv: 1603.05790},
  year={2016}
}

@article{Kacprzak2016,
  title={Cosmology constraints from shear peak statistics in Dark Energy Survey Science Verification data},
  author={Kacprzak, T and Kirk, D and Friedrich, O and Amara, A and Refregier, A and Marian, L and Dietrich, JP and Suchyta, E and Aleksi{\'c}, J and Bacon, D and others},
  journal={arXiv e-print},
  eprint={arXiv: 1603.05040},
  year={2016}
}

@article{Dewdney2009,
  title={The square kilometre array},
  author={Dewdney, Peter E and Hall, Peter J and Schilizzi, Richard T and Lazio, T Joseph LW},
  journal={Proceedings of the IEEE},
  volume={97},
  number={8},
  pages={1482--1496},
  year={2009},
  publisher={IEEE}
}

@ARTICLE{Santos2015b,
   author = {{Santos}, M. and {Bull}, P. and {Alonso}, D. and {Camera}, S. and 
	{Ferreira}, P. and {Bernardi}, G. and {Maartens}, R. and {Viel}, M. and 
	{Villaescusa-Navarro}, F. and {Abdalla}, F.~B. and {Jarvis}, M. and 
	{Metcalf}, R.~B. and {Pourtsidou}, A. and {Wolz}, L.},
    title = "{Cosmology from a SKA HI intensity mapping survey}",
  journal = {Advancing Astrophysics with the Square Kilometre Array (AASKA14)},
archivePrefix = "arXiv",
   eprint = {arXiv: 1501.03989},
     year = 2015,
      eid = {19},
    pages = {19},
   adsurl = {http://adsabs.harvard.edu/abs/2015aska.confE..19S},
  adsnote = {Provided by the SAO/NASA Astrophysics Data System}
}


@ARTICLE{Brown2015,
   author = {{Brown}, M. and {Bacon}, D. and {Camera}, S. and {Harrison}, I. and 
	{Joachimi}, B. and {Metcalf}, R.~B. and {Pourtsidou}, A. and 
	{Takahashi}, K. and {Zuntz}, J. and {Abdalla}, F.~B. and {Bridle}, S. and 
	{Jarvis}, M. and {Kitching}, T. and {Miller}, L. and {Patel}, P.
	},
    title = "{Weak gravitational lensing with the Square Kilometre Array}",
  journal = {Advancing Astrophysics with the Square Kilometre Array (AASKA14)},
archivePrefix = "arXiv",
   eprint = {1501.03828},
     year = 2015,
      eid = {23},
    pages = {23},
   adsurl = {http://adsabs.harvard.edu/abs/2015aska.confE..23B},
  adsnote = {Provided by the SAO/NASA Astrophysics Data System}
}

@article{Planck2015Overview,
  title={Planck 2015 results. I. Overview of products and scientific results},
  author={{Planck Collaboration}},
  journal={arXiv e-prints},
  eprint={arXiv: 1502.01582},
  year={2015}
}

@article{Kosowsky2003,
  title={The atacama cosmology telescope},
  author={Kosowsky, Arthur},
  journal={New Astronomy Reviews},
  volume={47},
  number={11},
  pages={939--943},
  year={2003},
  publisher={Elsevier},
  eprint={arXiv: astro-ph/0402234},
}

@article{Kosowsky2006,
  title={The Atacama Cosmology Telescope project: a progress report},
  author={Kosowsky, Arthur},
  journal={New Astronomy Reviews},
  volume={50},
  number={11},
  pages={969--976},
  year={2006},
  publisher={Elsevier},
  eprint={astro-ph/0608549},
}

@article{Das2011,
  title={The Atacama Cosmology Telescope: a measurement of the cosmic microwave background power spectrum at 148 and 218 GHz from the 2008 southern survey},
  author={Das, Sudeep and Marriage, Tobias A and Ade, Peter AR and Aguirre, Paula and Amiri, Mandana and Appel, John W and Barrientos, L Felipe and Battistelli, Elia S and Bond, John R and Brown, Ben and others},
  journal={The Astrophysical Journal},
  volume={729},
  number={1},
  pages={62},
  year={2011},
  publisher={IOP Publishing}
}

@article{Fowler2010,
  title={The Atacama cosmology telescope: a measurement of the 600< â„“< 8000 Cosmic Microwave Background power spectrum at 148 GHz},
  author={Fowler, JW and Acquaviva, Viviana and Ade, Peter AR and Aguirre, P and Amiri, M and Appel, JW and Barrientos, LF and Battistelli, ES and Bond, JR and Brown, B and others},
  journal={The Astrophysical Journal},
  volume={722},
  number={2},
  pages={1148},
  year={2010},
  publisher={IOP Publishing},
  eprint={arXiv: 1001.2934},
}

@inproceedings{Ruhl2004,
  title={The south pole telescope},
  author={Ruhl, John and Ade, Peter AR and Carlstrom, John E and Cho, Hsiao-Mei and Crawford, Thomas and Dobbs, Matt and Greer, Chris H and Holzapfel, William L and Lanting, Trevor M and Lee, Adrian T and others},
  booktitle={SPIE Astronomical Telescopes+ Instrumentation},
  pages={11--29},
  year={2004},
  organization={International Society for Optics and Photonics},
  eprint={arXiv: astro-ph/0411122},
}

@article{Kilbinger2015,
  title={Cosmology with cosmic shear observations: a review},
  author={Kilbinger, Martin},
  journal={Reports on Progress in Physics},
  volume={78},
  number={8},
  pages={086901},
  year={2015},
  publisher={IOP Publishing},
  eprint={arXiv: 1411.0115},
}

@article{Becker2015,
  title={Cosmic Shear Measurements with DES Science Verification Data},
  author={Becker, MR and Troxel, MA and MacCrann, N and Krause, E and Eifler, TF and Friedrich, O and Nicola, A and Refregier, A and Amara, A and Bacon, D and others},
  journal={arXiv e-prints},
  eprint={arXiv: 1507.0559},
  year={2015}
}

@article{Kuijken2015,
  title={Gravitational lensing analysis of the Kilo-Degree Survey},
  author={Kuijken, Konrad and Heymans, Catherine and Hildebrandt, Hendrik and Nakajima, Reiko and Erben, Thomas and de Jong, Jelte TA and Viola, Massimo and Choi, Ami and Hoekstra, Henk and Miller, Lance and others},
  journal={Monthly Notices of the Royal Astronomical Society},
  volume={454},
  number={4},
  pages={3500--3532},
  year={2015},
  publisher={Oxford University Press},
  eprint={arXiv: 1507.00738},
}

@article{Hirata2004,
  title={Intrinsic alignment-lensing interference as a contaminant of cosmic shear},
  author={Hirata, Christopher M and Seljak, Uro{\v{s}}},
  journal={Physical Review D},
  volume={70},
  number={6},
  pages={063526},
  year={2004},
  publisher={APS},
  eprint={arXiv: astro-ph/0406275},
}

@article{Schneider2010,
  title={A halo model for intrinsic alignments of galaxy ellipticities},
  author={Schneider, Michael D and Bridle, Sarah},
  journal={Monthly Notices of the Royal Astronomical Society},
  volume={402},
  number={4},
  pages={2127--2139},
  year={2010},
  publisher={Oxford University Press},
  eprint={arXiv: 1001.3787},
}

@article{Mandelbaum2006,
  title={Galaxy halo masses and satellite fractions from galaxy--galaxy lensing in the Sloan Digital Sky Survey: stellar mass, luminosity, morphology and environment dependencies},
  author={Mandelbaum, Rachel and Seljak, Uro{\v{s}} and Kauffmann, Guinevere and Hirata, Christopher M and Brinkmann, Jonathan},
  journal={Monthly Notices of the Royal Astronomical Society},
  volume={368},
  number={2},
  pages={715--731},
  year={2006},
  publisher={Oxford University Press},
  eprint={arXiv: astro-ph/0511164},
}

@article{Dyson1920,
  title={A determination of the deflection of light by the sun's gravitational field, from observations made at the total eclipse of May 29, 1919},
  author={Dyson, Frank W and Eddington, Arthur S and Davidson, Charles},
  journal={Philosophical Transactions of the Royal Society of London A: Mathematical, Physical and Engineering Sciences},
  volume={220},
  number={571-581},
  pages={291--333},
  year={1920},
  publisher={The Royal Society}
}

@article{Ross2013,
  title={The clustering of galaxies in the SDSS-III DR10 Baryon Oscillation Spectroscopic Survey: no detectable colour dependence of distance scale or growth rate measurements},
  author={Ross, Ashley J and Samushia, Lado and Burden, Angela and Percival, Will J and Tojeiro, Rita and Manera, Marc and Beutler, Florian and Brinkmann, J and Brownstein, Joel R and Carnero, Aurelio and others},
  journal={Monthly Notices of the Royal Astronomical Society},
  pages={stt1895},
  year={2013},
  publisher={Oxford University Press}
}

@article{Eisenstein1998,
  title={Baryonic features in the matter transfer function},
  author={Eisenstein, Daniel J and Hu, Wayne},
  journal={The Astrophysical Journal},
  volume={496},
  number={2},
  pages={605},
  year={1998},
  publisher={IOP Publishing},
  eprint={arXiv: astro-ph/9709112},
}

@article{Eisenstein1998b,
  title={Can Baryonic Features Produce the Observed 100 h- 1 Mpc Clustering?},
  author={Eisenstein, Daniel J and Hu, Wayne and Silk, Joseph and Szalay, Alexander S},
  journal={The Astrophysical Journal Letters},
  volume={494},
  number={1},
  pages={L1},
  year={1998},
  publisher={IOP Publishing},
  eprint={arXiv: astro-ph/9710303},
}

@ARTICLE{Anderson2014,
   author = {{Anderson}, L. and {Aubourg}, {\'E}. and {Bailey}, S. and {Beutler}, F. and 
	{Bhardwaj}, V. and {Blanton}, M. and {Bolton}, A.~S. and {Brinkmann}, J. and 
	{Brownstein}, J.~R. and {Burden}, A. and {Chuang}, C.-H. and 
	{Cuesta}, A.~J. and {Dawson}, K.~S. and {Eisenstein}, D.~J. and 
	{Escoffier}, S. and {Gunn}, J.~E. and {Guo}, H. and {Ho}, S. and 
	{Honscheid}, K. and {Howlett}, C. and {Kirkby}, D. and {Lupton}, R.~H. and 
	{Manera}, M. and {Maraston}, C. and {McBride}, C.~K. and {Mena}, O. and 
	{Montesano}, F. and {Nichol}, R.~C. and {Nuza}, S.~E. and {Olmstead}, M.~D. and 
	{Padmanabhan}, N. and {Palanque-Delabrouille}, N. and {Parejko}, J. and 
	{Percival}, W.~J. and {Petitjean}, P. and {Prada}, F. and {Price-Whelan}, A.~M. and 
	{Reid}, B. and {Roe}, N.~A. and {Ross}, A.~J. and {Ross}, N.~P. and 
	{Sabiu}, C.~G. and {Saito}, S. and {Samushia}, L. and {S{\'a}nchez}, A.~G. and 
	{Schlegel}, D.~J. and {Schneider}, D.~P. and {Scoccola}, C.~G. and 
	{Seo}, H.-J. and {Skibba}, R.~A. and {Strauss}, M.~A. and {Swanson}, M.~E.~C. and 
	{Thomas}, D. and {Tinker}, J.~L. and {Tojeiro}, R. and {Maga{\~n}a}, M.~V. and 
	{Verde}, L. and {Wake}, D.~A. and {Weaver}, B.~A. and {Weinberg}, D.~H. and 
	{White}, M. and {Xu}, X. and {Y{\`e}che}, C. and { Zhavi}, I. and 
	{Zhao}, G.-B.},
    title = "{The clustering of galaxies in the SDSS-III Baryon Oscillation Spectroscopic Survey: baryon acoustic oscillations in the Data Releases 10 and 11 Galaxy samples}",
  journal = {Monthly Notices of the Royal Astronomical Society},
archivePrefix = "arXiv",
   eprint = {arXiv: 1312.4877},
 keywords = {cosmological parameters, cosmology: observations, dark energy, distance scale, large-scale structure of Universe},
     year = 2014,
    month = jun,
   volume = 441,
    pages = {24-62},
      doi = {10.1093/mnras/stu523},
   adsurl = {http://adsabs.harvard.edu/abs/2014MNRAS.441...24A},
  adsnote = {Provided by the SAO/NASA Astrophysics Data System}
}


@article{Beutler2011,
  title={The 6dF Galaxy Survey: baryon acoustic oscillations and the local Hubble constant},
  author={Beutler, Florian and Blake, Chris and Colless, Matthew and Jones, D Heath and Staveley-Smith, Lister and Campbell, Lachlan and Parker, Quentin and Saunders, Will and Watson, Fred},
  journal={Monthly Notices of the Royal Astronomical Society},
  volume={416},
  number={4},
  pages={3017--3032},
  year={2011},
  publisher={Oxford University Press},
  epritn={arXiv: 1106.3366},
}

@article{Blake2011,
  title={The WiggleZ Dark Energy Survey: mapping the distance--redshift relation with baryon acoustic oscillations},
  author={Blake, Chris and Kazin, Eyal A and Beutler, Florian and Davis, Tamara M and Parkinson, David and Brough, Sarah and Colless, Matthew and Contreras, Carlos and Couch, Warrick and Croom, Scott and others},
  journal={Monthly Notices of the Royal Astronomical Society},
  volume={418},
  number={3},
  pages={1707--1724},
  year={2011},
  publisher={Oxford University Press},
  eprint={arXiv: 1108.2635},
}

@article{Fixsen2009,
  title={The temperature of the cosmic microwave background},
  author={Fixsen, DJ},
  journal={The Astrophysical Journal},
  volume={707},
  number={2},
  pages={916},
  year={2009},
  publisher={IOP Publishing},
  eprint={arXiv: 0911.1955},
}

@article{Penzias1965,
  title={A Measurement of Excess Antenna Temperature at 4080 Mc/s.},
  author={Penzias, Arno A and Wilson, Robert Woodrow},
  journal={The Astrophysical Journal},
  volume={142},
  pages={419--421},
  year={1965}
}

@article{Fixsen1996,
  title={The Cosmic Microwave Background Spectrum from the Full COBEThe National Aeronautics and Space Administration/Goddard Space Flight Center (NASA/GSFC) is responsible for the design, development, and operation of the Cosmic Background Explorer (COBE). Scientific guidance is provided by the COBE Science Working Group. GSFC is also responsible for the development of the analysis software and for the production of the mission data sets. FIRAS Data Set},
  author={Fixsen, DJ and Cheng, ES and Gales, JM and Mather, John C and Shafer, RA and Wright, EL},
  journal={The Astrophysical Journal},
  volume={473},
  number={2},
  pages={576},
  year={1996},
  publisher={IOP Publishing},
  eprint={arXiv: astro-ph/9605054},
}

@article{Remazeilles2016,
  title={Sensitivity and foreground modelling for large-scale cosmic microwave background B-mode polarization satellite missions},
  author={Remazeilles, M and Dickinson, C and Eriksen, HKK and Wehus, IK},
  journal={Monthly Notices of the Royal Astronomical Society},
  volume={458},
  number={2},
  pages={2032--2050},
  year={2016},
  publisher={Oxford University Press},
  eprint={arXiv: 1509.04714},
}

@article{Hu2014,
  title={Effective field theory of cosmic acceleration: An implementation in CAMB},
  author={Hu, Bin and Raveri, Marco and Frusciante, Noemi and Silvestri, Alessandra},
  journal={Physical Review D},
  volume={89},
  number={10},
  pages={103530},
  year={2014},
  publisher={APS}, 
  eprint={arXiv: 1312.5742},
}

@article{Hu2013,
  title={Parametrized modified gravity constraints after Planck},
  author={Hu, Bin and Liguori, Michele and Bartolo, Nicola and Matarrese, Sabino},
  journal={Physical Review D},
  volume={88},
  number={12},
  pages={123514},
  year={2013},
  publisher={APS},
  eprint={arXiv: 1307.5276},
}

@article{Martinelli2009,
  title={Cosmological constraints on the Hu-Sawicki modified gravity scenario},
  author={Martinelli, Matteo and Melchiorri, Alessandro and Amendola, Luca},
  journal={Physical Review D},
  volume={79},
  number={12},
  pages={123516},
  year={2009},
  publisher={APS},
  eprint={arXiv: 0906.2350},
}

@article{Movahed2009,
  title={Observational Constraints with Recent Data on the DGP Modified Gravity},
  author={Movahed, M Sadegh and Farhang, Marzieh and Rahvar, Sohrab},
  journal={International Journal of Theoretical Physics},
  volume={48},
  number={4},
  pages={1203--1230},
  year={2009},
  publisher={Springer}, 
  eprint={arXiv: astro-ph/0701339},
  
}

@article{Amarzguioui2006,
  title={Cosmological constraints on f (R) gravity theories within the Palatini approach},
  author={Amarzguioui, Morad and Elgar{\o}y, {\O} and Mota, David F and Multam{\"a}ki, T},
  journal={Astronomy \& Astrophysics},
  volume={454},
  number={3},
  pages={707--714},
  year={2006},
  publisher={EDP Sciences},
  eprint={arXiv: astro-ph/0510519},
}

@article{Jain2013,
  title={Astrophysical tests of modified gravity: constraints from distance indicators in the nearby universe},
  author={Jain, Bhuvnesh and Vikram, Vinu and Sakstein, Jeremy},
  journal={The Astrophysical Journal},
  volume={779},
  number={1},
  pages={39},
  year={2013},
  publisher={IOP Publishing},
  eprint={arXiv: 1204.6044},
}

@article{Buchdahl1970,
  title={Non-linear Lagrangians and cosmological theory},
  author={Buchdahl, Hans A},
  journal={Monthly Notices of the Royal Astronomical Society},
  volume={150},
  number={1},
  pages={1--8},
  year={1970},
  publisher={Oxford University Press}
}

@article{Burton1998,
  title={Palatini variational principle for an extended Einstein-Hilbert action},
  author={Burton, Howard and Mann, Robert B},
  journal={Physical Review D},
  volume={57},
  number={8},
  pages={4754},
  year={1998},
  publisher={APS},
  eprint={arXiv: gr-qc/9711003},
}

@article{Chiba2003,
  title={1/R gravity and scalar-tensor gravity},
  author={Chiba, Takeshi},
  journal={Physics Letters B},
  volume={575},
  number={1},
  pages={1--3},
  year={2003},
  publisher={Elsevier},
  eprint={arXiv: astro-ph/0307338},
}

@article{Sotiriou2006,
  title={f (R) gravity and scalar--tensor theory},
  author={Sotiriou, Thomas P},
  journal={Classical and Quantum Gravity},
  volume={23},
  number={17},
  pages={5117},
  year={2006},
  publisher={IOP Publishing},
  eprint={arXiv: gr-qc/0604028},
}

@article{Hu2007,
  title={Models of f (R) cosmic acceleration that evade solar system tests},
  author={Hu, Wayne and Sawicki, Ignacy},
  journal={Physical Review D},
  volume={76},
  number={6},
  pages={064004},
  year={2007},
  publisher={APS}
}

@article{Horndeski1974,
  title={Second-order scalar-tensor field equations in a four-dimensional space},
  author={Horndeski, Gregory Walter},
  journal={International Journal of Theoretical Physics},
  volume={10},
  number={6},
  pages={363--384},
  year={1974},
  publisher={Springer}
}

@ARTICLE{Gleyzes2014a,
   author = {{Gleyzes}, J. and {Langlois}, D. and {Piazza}, F. and {Vernizzi}, F.
	},
    title = "{New Class of Consistent Scalar-Tensor Theories}",
  journal = {Physical Review Letters},
archivePrefix = "arXiv",
   eprint = {arXiv: 1404.6495},
 primaryClass = "hep-th",
 keywords = {Modified theories of gravity},
     year = 2015,
    month = may,
   volume = 114,
   number = 21,
      eid = {211101},
    pages = {211101},
      doi = {10.1103/PhysRevLett.114.211101},
   adsurl = {http://adsabs.harvard.edu/abs/2015PhRvL.114u1101G},
  adsnote = {Provided by the SAO/NASA Astrophysics Data System}
}


@article{Charmousis2012,
  title={General second-order scalar-tensor theory and self-tuning},
  author={Charmousis, Christos and Copeland, Edmund J and Padilla, Antonio and Saffin, Paul M},
  journal={Physical Review Letters},
  volume={108},
  number={5},
  pages={051101},
  year={2012},
  publisher={APS},
  eprint={arXiv: 1106.2000},
}

@article{Bekenstein2004,
  title={Relativistic gravitation theory for the modified Newtonian dynamics paradigm},
  author={Bekenstein, Jacob D},
  journal={Physical Review D},
  volume={70},
  number={8},
  pages={083509},
  year={2004},
  publisher={APS},
  eprint={arXiv: astro-ph/0403694},
}

@article{vonStrauss2012,
  title={Cosmological solutions in bimetric gravity and their observational tests},
  author={von Strauss, Mikael and Schmidt-May, Angnis and Enander, Jonas and M{\"o}rtsell, Edvard and Hassan, S Fawad},
  journal={Journal of Cosmology and Astroparticle Physics},
  volume={2012},
  number={03},
  pages={042},
  year={2012},
  publisher={IOP Publishing},
  eprint={arXiv: 1111.1655},
}

@article{Moffat2006,
  title={Scalar--tensor--vector gravity theory},
  author={Moffat, JW},
  journal={Journal of Cosmology and Astroparticle Physics},
  volume={2006},
  number={03},
  pages={004},
  year={2006},
  publisher={IOP Publishing},
  eprint={arXiv: gr-qc/0506021},
}

@article{Lovelock1971,
  title={The Einstein tensor and its generalizations},
  author={Lovelock, David},
  journal={Journal of Mathematical Physics},
  volume={12},
  number={3},
  pages={498--501},
  year={1971},
  publisher={AIP Publishing}
}

@article{Carroll2004,
  title={Is cosmic speed-up due to new gravitational physics?},
  author={Carroll, Sean M and Duvvuri, Vikram and Trodden, Mark and Turner, Michael S},
  journal={Physical Review D},
  volume={70},
  number={4},
  pages={043528},
  year={2004},
  publisher={APS},
  eprint={arXiv: astro-ph/0306438},
}

@article{Capozziello2003,
  title={Quintessence without scalar fields},
  author={Capozziello, Salvatore and Carloni, Sante and Troisi, Antonio},
  journal={arXiv e-prints},
  eprint={arXiv: astro-ph/0303041},
  year={2003}
}

@article{Celerier2007,
  title={The accelerated expansion of the universe challenged by an effect of the inhomogeneities. A review},
  author={C{\'e}l{\'e}rier, Marie-No{\"e}lle},
  journal={arXiv e-prints},
  eprint={arXiv: astro-ph/0702416},
  year={2007}
}

@article{Weinberg1989,
  	title={The cosmological constant problem},
  	author={Weinberg, Steven},
  	journal={Reviews of Modern Physics},
  	volume={61},
  	number={1},
  	pages={1},
  	year={1989},
  	publisher={APS}
}

@article{Starobinsky2007,
 	 title={Disappearing cosmological constant in f (R) gravity},
  	author={Starobinsky, Alexei A},
  	journal={JETP Letters},
  	volume={86},
  	number={3},
  	pages={157--163},
  	year={2007},
 	publisher={Springer},
	eprint = {arXiv: 0706.2041}
	
}

@article{Khoury2004,
  	title={Chameleon fields: Awaiting surprises for tests of gravity in space},
  	author={Khoury, Justin and Weltman, Amanda},
  	journal={Physical Review Letters},
  	volume={93},
  	number={17},
  	pages={171104},
  	year={2004},
  	publisher={APS},
	eprint = {arXiv:  astro-ph/0309300}
}


@article{Horava2009,
  	title={Quantum gravity at a Lifshitz point},
  	author={Ho{\v{r}}ava, Petr},
  	journal={Physical Review D},
  	volume={79},
  	number={8},
  	pages={084008},
  	year={2009},
  	publisher={APS},
	eprint={arXiv: 0901.3775},
}

@article{Planck2015DE,
        title={Planck 2015 results. XIV. Dark energy and modified gravity},
  	author={{Planck Collaboration}},
  	year={2015},
	eprint = {arXiv: 1502.01590},
        journal={arXiv e-prints},
}

@article{Copeland2006,
  title={Dynamics of dark energy},
  author={Copeland, Edmund J and Sami, Mohammad and Tsujikawa, Shinji},
  journal={International Journal of Modern Physics D},
  volume={15},
  number={11},
  pages={1753--1935},
  year={2006},
  publisher={World Scientific},
  eprint={arXiv: hep-th/0603057},
}

@article{Johri2002,
  title={Search for tracker potentials in quintessence theory},
  author={Johri, Vinod B},
  journal={Classical and Quantum Gravity},
  volume={19},
  number={23},
  pages={5959},
  year={2002},
  publisher={IOP Publishing}
}

@article{Wang2000,
  title={Cosmic concordance and quintessence},
  author={Wang, Limin and Caldwell, RR and Ostriker, JP and Steinhardt, Paul J},
  journal={The Astrophysical Journal},
  volume={530},
  number={1},
  pages={17},
  year={2000},
  publisher={IOP Publishing}
}

@article{Caldwell1998,
  title={Cosmological imprint of an energy component with general equation of state},
  author={Caldwell, Robert R and Dave, Rahul and Steinhardt, Paul J},
  journal={Physical Review Letters},
  volume={80},
  number={8},
  pages={1582},
  year={1998},
  publisher={APS},
  eprint={arXiv: astro-ph/9708069},
}

@article{Ferreira1997,
  title={Structure formation with a self-tuning scalar field},
  author={Ferreira, Pedro G and Joyce, Michael},
  journal={Physical Review Letters},
  volume={79},
  number={24},
  pages={4740},
  year={1997},
  publisher={APS},
  eprint={arXiv: astro-ph/9711102},
}

@article{Kamenshchik2001,
  title={An alternative to quintessence},
  author={Kamenshchik, Alexander and Moschella, Ugo and Pasquier, Vincent},
  journal={Physics Letters B},
  volume={511},
  number={2},
  pages={265--268},
  year={2001},
  publisher={Elsevier},
  eprint={arXiv: gr-qc/0103004},
}

@article{Chiba2000,
  title={Kinetically driven quintessence},
  author={Chiba, Takeshi and Okabe, Takahiro and Yamaguchi, Masahide},
  journal={Physical Review D},
  volume={62},
  number={2},
  pages={023511},
  year={2000},
  publisher={APS},
  eprint={arXiv: astro-ph/9912463},
}

@article{Amendola2000,
  title={Coupled quintessence},
  author={Amendola, Luca},
  journal={Physical Review D},
  volume={62},
  number={4},
  pages={043511},
  year={2000},
  publisher={APS},
  eprint={arXiv: astro-ph/9908023},
}

@article{Ratra1988,
  title={Cosmological consequences of a rolling homogeneous scalar field},
  author={Ratra, Bharat and Peebles, Philip JE},
  journal={Physical Review D},
  volume={37},
  number={12},
  pages={3406},
  year={1988},
  publisher={APS}
}

@article{Caldwell2002,
  title={A phantom menace? Cosmological consequences of a dark energy component with super-negative equation of state},
  author={Caldwell, Robert R},
  journal={Physics Letters B},
  volume={545},
  number={1},
  pages={23--29},
  year={2002},
  publisher={Elsevier},
  eprint={arXiv: astro-ph/9908168},
}

@article{Sullivan2011,
  title={SNLS3: constraints on dark energy combining the supernova legacy survey three-year data with other probes},
  author={Sullivan, Mark and Guy, J and Conley, A and Regnault, N and Astier, P and Balland, C and Basa, S and Carlberg, RG and Fouchez, D and Hardin, D and others},
  journal={The Astrophysical Journal},
  volume={737},
  number={2},
  pages={102},
  year={2011},
  publisher={IOP Publishing},
  eprint={arXiv: 1104.1444},
}

@article{Salvatelli2013,
  title={New constraints on Coupled Dark Energy from the Planck satellite experiment},
  author={Salvatelli, Valentina and Marchini, Andrea and Lopez-Honorez, Laura and Mena, Olga},
  journal={Physical Review D},
  volume={88},
  number={2},
  pages={023531},
  year={2013},
  publisher={APS},
  eprint={arXiv: 1304.7119},
}

@article{Farooq2013,
  title={Hubble parameter measurement constraints on the cosmological deceleration-acceleration transition redshift},
  author={Farooq, Omer and Ratra, Bharat},
  journal={The Astrophysical Journal Letters},
  volume={766},
  number={1},
  pages={L7},
  year={2013},
  publisher={IOP Publishing},
  eprint={arXiv: 1301.5243},
}

@article{Xia2013,
  title={Dark energy constraints after the new Planck data},
  author={Xia, Jun-Qing and Li, Hong and Zhang, Xinmin},
  journal={Physical Review D},
  volume={88},
  number={6},
  pages={063501},
  year={2013},
  publisher={APS},
  eprint={arXiv: 1308.0188},
}

@article{Oguri2008,
  title={The Sloan Digital Sky Survey quasar lens search. III. Constraints on dark energy from the third data release quasar lens catalog},
  author={Oguri, Masamune and Inada, Naohisa and Strauss, Michael A and Kochanek, Christopher S and Richards, Gordon T and Schneider, Donald P and Becker, Robert H and Fukugita, Masataka and Gregg, Michael D and Hall, Patrick B and others},
  journal={The Astronomical Journal},
  volume={135},
  number={2},
  pages={512},
  year={2008},
  publisher={IOP Publishing},
  eprint={arXiv: 0708.0825},
}

@article{Said2013,
  title={New constraints on the dark energy equation of state},
  author={Said, Najla and Baccigalupi, Carlo and Martinelli, Matteo and Melchiorri, Alessandro and Silvestri, Alessandra},
  journal={Physical Review D},
  volume={88},
  number={4},
  pages={043515},
  year={2013},
  publisher={APS},
  eprint={arXiv: 1303.4353},
}

@article{Hojjati2013b,
  title={New Constraints on the Early Expansion History of the Universe},
  author={Hojjati, Alireza and Linder, Eric V and Samsing, Johan},
  journal={Physical Review Letters},
  volume={111},
  number={4},
  pages={041301},
  year={2013},
  publisher={APS},
  eprint={arXiv: 1304.3724},
}

@article{Guth1981,
  title={Inflationary universe: A possible solution to the horizon and flatness problems},
  author={Guth, Alan H},
  journal={Physical Review D},
  volume={23},
  number={2},
  pages={347},
  year={1981},
  publisher={APS}
}

@article{Linde1982,
  title={A new inflationary universe scenario: a possible solution of the horizon, flatness, homogeneity, isotropy and primordial monopole problems},
  author={Linde, Andrei D},
  journal={Physics Letters B},
  volume={108},
  number={6},
  pages={389--393},
  year={1982},
  publisher={Elsevier}
}

@article{Guth1983,
  title={Could the universe have recovered from a slow first-order phase transition?},
  author={Guth, Alan H and Weinberg, Erick J},
  journal={Nuclear Physics B},
  volume={212},
  number={2},
  pages={321--364},
  year={1983},
  publisher={Elsevier}
}

@article{Hawking1982,
  title={Bubble collisions in the very early universe},
  author={Hawking, Stephen William and Moss, IG and Stewart, JM},
  journal={Physical Review D},
  volume={26},
  number={10},
  pages={2681},
  year={1982},
  publisher={APS}
}

@article{Hawking1982b,
  title={The development of irregularities in a single bubble inflationary universe},
  author={Hawking, Stephen W},
  journal={Physics Letters B},
  volume={115},
  number={4},
  pages={295--297},
  year={1982},
  publisher={Elsevier}
}

@article{Starobinsky1982,
  title={Dynamics of phase transition in the new inflationary universe scenario and generation of perturbations},
  author={Starobinsky, Alexei A},
  journal={Physics Letters B},
  volume={117},
  number={3},
  pages={175--178},
  year={1982},
  publisher={Elsevier}
}

@article{Guth1982,
  title={Fluctuations in the new inflationary universe},
  author={Guth, Alan H and Pi, So-Young},
  journal={Physical Review Letters},
  volume={49},
  number={15},
  pages={1110},
  year={1982},
  publisher={APS}
}

@article{Bardeen1983,
  title={Spontaneous creation of almost scale-free density perturbations in an inflationary universe},
  author={Bardeen, James M and Steinhardt, Paul J and Turner, Michael S},
  journal={Physical Review D},
  volume={28},
  number={4},
  pages={679},
  year={1983},
  publisher={APS}
}

@ARTICLE{Martin2013,
   author = {{Martin}, J. and {Ringeval}, C. and {Vennin}, V.},
    title = "{Encyclop{\ae}dia Inflationaris}",
  journal = {Physics of the Dark Universe},
archivePrefix = "arXiv",
   eprint = {arXiv: 1303.3787},
 keywords = {Cosmic inflation, Slow-roll, Reheating, Cosmic Microwave Background, ASPIC},
     year = 2014,
    month = dec,
   volume = 5,
    pages = {75-235},
      doi = {10.1016/j.dark.2014.01.003},
   adsurl = {http://adsabs.harvard.edu/abs/2014PDU.....5...75M},
  adsnote = {Provided by the SAO/NASA Astrophysics Data System}
}


@article{Bond1982,
  title={Formation of galaxies in a gravitino-dominated universe},
  author={Bond, J Richard and Szalay, Alexander S and Turner, Michael S},
  journal={Physical Review Letters},
  volume={48},
  number={23},
  pages={1636},
  year={1982},
  publisher={APS}
}

@article{Blumenthal1982,
  title={Galaxy formation by dissipationless particles heavier than neutrinos},
  author={Blumenthal, George R and Pagels, Heinz and Primack, Joel R},
  year={1982},
  publisher={Nature Publishing Group},
  journal={Nature},
  volume={299},
  pages={37--38},
}

@article{Peebles1982,
  title={Large-scale background temperature and mass fluctuations due to scale-invariant primeval perturbations},
  author={Peebles, PJE},
  journal={The Astrophysical Journal},
  volume={263},
  pages={L1--L5},
  year={1982},
  publisher={World Scientific}
}

@article{Blumenthal1984,
  title={Formation of galaxies and large scale structure with cold dark matter},
  author={Blumenthal, George R and Primack, Joel R and Rees, Martin J and Faber, SM},
  journal={Nature},
  volume={311},
  number={SLAC-PUB-3307},
  pages={517--525},
  year={1984}
}

@article{Rubin1980,
  title={Rotational properties of 21 SC galaxies with a large range of luminosities and radii, from NGC 4605/R= 4kpc/to UGC 2885/R= 122 kpc},
  author={Rubin, Vera C and Ford Jr, W Kent and Thonnard, Norbert},
  journal={The Astrophysical Journal},
  volume={238},
  pages={471--487},
  year={1980}
}

@article{Steigman1985,
  title={Cosmological constraints on the properties of weakly interacting massive particles},
  author={Steigman, Gary and Turner, Michael S},
  journal={Nuclear Physics B},
  volume={253},
  pages={375--386},
  year={1985},
  publisher={Elsevier}
}

@article{deBlok2010,
  title={The core-cusp problem},
  author={De Blok, WJG},
  journal={Advances in Astronomy},
  volume={2010},
  year={2010},
  eprint={arXiv: 0910.3538},
  publisher={Hindawi Publishing Corporation}
}

@article{Kauffmann1993,
  title={The formation and evolution of galaxies within merging dark matter haloes},
  author={Kauffmann, G and White, Simon DM and Guiderdoni, B},
  journal={Monthly Notices of the Royal Astronomical Society},
  volume={264},
  number={1},
  pages={201--218},
  year={1993},
  publisher={Oxford University Press}
}

@article{Oort1932,
  title={The force exerted by the stellar system in the direction perpendicular to the galactic plane and some related problems},
  author={Oort, Jan H},
  journal={Bulletin of the Astronomical Institutes of the Netherlands},
  volume={6},
  pages={249},
  year={1932}
}

@article{Zwicky1933,
  title={Spectral displacement of extra galactic nebulae},
  author={Zwicky, Fritz},
  journal={Helv. Phys. Acta},
  volume={6},
  number={110-127},
  pages={15},
  year={1933}
}

@article{Clowe2006,
  title={A Direct Empirical Proof of the Existence of Dark Matter},
  author={Clowe, Douglas and Brada{\v{c}}, Maru{\v{s}}a and Gonzalez, Anthony H and Markevitch, Maxim and Randall, Scott W and Jones, Christine and Zaritsky, Dennis},
  journal={The Astrophysical Journal Letters},
  volume={648},
  number={2},
  pages={L109},
  year={2006},
  publisher={IOP Publishing},
  eprint={arXiv: astro-ph/0608407},
}

@article{Hlozek2015,
  title={A search for ultralight axions using precision cosmological data},
  author={Hlozek, Ren{\'e}e and Grin, Daniel and Marsh, David JE and Ferreira, Pedro G},
  journal={Physical Review D},
  volume={91},
  number={10},
  pages={103512},
  year={2015},
  publisher={APS},
  eprint={arXiv: 1410.2896},
}

@article{Dodelson1994,
  title={Sterile neutrinos as dark matter},
  author={Dodelson, Scott and Widrow, Lawrence M},
  journal={Physical Review Letters},
  volume={72},
  number={1},
  pages={17},
  year={1994},
  publisher={APS},
  eprint={arXiv: hep-ph/9303287},
}

@article{Peter2012,
  title={Dark matter: a brief review},
  author={Peter, Annika HG},
  journal={arXiv e-prints},
  eprint={arXiv: 1201.3942},
  year={2012}
}

@article{Navarro1997,
  title={A universal density profile from hierarchical clustering},
  author={Navarro, Julio F and Frenk, Carlos S and White, Simon DM},
  journal={The Astrophysical Journal},
  volume={490},
  number={2},
  pages={493},
  year={1997},
  publisher={IOP Publishing},
  eprint={arXiv: astro-ph/9611107},
}

@article{Takahashi2012,
  title={Revising the halofit model for the nonlinear matter power spectrum},
  author={Takahashi, Ryuichi and Sato, Masanori and Nishimichi, Takahiro and Taruya, Atsushi and Oguri, Masamune},
  journal={The Astrophysical Journal},
  volume={761},
  number={2},
  pages={152},
  year={2012},
  publisher={IOP Publishing},
  eprint={arXiv: 1208.2701},
}

@article{Einstein1916,
  title={The foundation of the generalised theory of relativity},
  author={Einstein, A},
  journal={Annalen der Physik},
  pages={769â€“822},
  volume={49},
  year={1916}
}

@article{Richter1982,
  title={Second-order contributions to gravitational deflection of light in the parametrized post-Newtonian formalism},
  author={Richter, Gary W and Matzner, Richard A},
  journal={Physical Review D},
  volume={26},
  number={6},
  pages={1219},
  year={1982},
  publisher={APS}
}

@article{Friedmann1924,
  title={{\"U}ber die M{\"o}glichkeit einer Welt mit konstanter negativer Kr{\"u}mmung des Raumes},
  author={Friedmann, Alexander},
  journal={Zeitschrift f{\"u}r Physik A Hadrons and Nuclei},
  volume={21},
  number={1},
  pages={326--332},
  year={1924},
  publisher={Springer}
}

@article{Lesgourgues2011,
  title={The cosmic linear anisotropy solving system (CLASS) I: Overview},
  author={Lesgourgues, Julien},
  eprint={arXiv: 1104.2932},
  journal={arXiv e-print},
  year={2011}
}

@ARTICLE{Ostriker1995,
   author = {{Ostriker}, J.~P. and {Steinhardt}, P.~J.},
    title = "{The observational case for a low-density Universe with a non-zero cosmological constant}",
  journal = {\nat},
     year = 1995,
    month = oct,
   volume = 377,
    pages = {600-602},
      doi = {10.1038/377600a0},
   adsurl = {http://adsabs.harvard.edu/abs/1995Natur.377..600O},
  adsnote = {Provided by the SAO/NASA Astrophysics Data System}
}


@ARTICLE{Fan2006,
   author = {{Fan}, X. and {Carilli}, C.~L. and {Keating}, B.},
    title = "{Observational Constraints on Cosmic Reionization}",
  journal = {Annual Review of Astronomy \& Astrophysics},
   eprint = {arXiv: astro-ph/0602375},
     year = 2006,
    month = sep,
   volume = 44,
    pages = {415-462},
      doi = {10.1146/annurev.astro.44.051905.092514},
   adsurl = {http://adsabs.harvard.edu/abs/2006ARA%26A..44..415F},
  adsnote = {Provided by the SAO/NASA Astrophysics Data System}
}

@article{Eisenstein2005,
  title={Detection of the baryon acoustic peak in the large-scale correlation function of SDSS luminous red galaxies},
  author={Eisenstein, Daniel J and Zehavi, Idit and Hogg, David W and Scoccimarro, Roman and Blanton, Michael R and Nichol, Robert C and Scranton, Ryan and Seo, Hee-Jong and Tegmark, Max and Zheng, Zheng and others},
  journal={The Astrophysical Journal},
  volume={633},
  number={2},
  pages={560},
  year={2005},
  publisher={IOP Publishing},
  eprint={arXiv: astro-ph/0501171},
}

@article{Naess2014,
  title={The Atacama Cosmology Telescope: CMB polarization at 200< â„“< 9000},
  author={Naess, Sigurd and Hasselfield, Matthew and McMahon, Jeff and Niemack, Michael D and Addison, Graeme E and Ade, Peter AR and Allison, Rupert and Amiri, Mandana and Battaglia, Nick and Beall, James A and others},
  journal={Journal of Cosmology and Astroparticle Physics},
  volume={2014},
  number={10},
  pages={007},
  year={2014},
  publisher={IOP Publishing},
  eprint={arXiv: 1405.5524},
}

@article{Peacock2001,
  title={A measurement of the cosmological mass density from clustering in the 2dF Galaxy Redshift Survey},
  author={Peacock, John A and Cole, Shaun and Norberg, Peder and Baugh, Carlton M and Bland-Hawthorn, Joss and Bridges, Terry and Cannon, Russell D and Colless, Matthew and Collins, Chris and Couch, Warrick and others},
  journal={Nature},
  volume={410},
  number={6825},
  pages={169--173},
  year={2001},
  publisher={Nature Publishing Group},
  eprint = {arXiv: astro-ph/0103143},

}

@ARTICLE{Taylor1992,
   author = {{Taylor}, A.~N. and {Rowan-Robinson}, M.},
    title = "{The spectrum of cosmological density fluctuations and nature of dark matter}",
  journal = {Nature},
 keywords = {Cosmology, Dark Matter, Density (Mass/Volume), Galactic Evolution, Grand Unified Theory, Astronomical Models, Background Radiation, Hubble Constant, Infrared Astronomy, Microwave Emission},
     year = 1992,
    month = oct,
   volume = 359,
    pages = {396-399},
      doi = {10.1038/359396a0},
   adsurl = {http://adsabs.harvard.edu/abs/1992Natur.359..396T},
  adsnote = {Provided by the SAO/NASA Astrophysics Data System}
}


@article{Rubin1970,
  title={Rotation of the andromeda nebula from a spectroscopic survey of emission regions},
  author={Rubin, Vera C and Ford Jr, W Kent},
  journal={The Astrophysical Journal},
  volume={159},
  pages={379},
  year={1970}
}

@article{Ostriker1973,
  title={A numerical study of the stability of flattened galaxies: or, can cold galaxies survive?},
  author={Ostriker, Jeremiah Paul and Peebles, Philip JE},
  journal={The Astrophysical Journal},
  volume={186},
  pages={467-480},
  year={1973}
}

@article{Einasto1974,
  title={Dynamic evidence on massive coronas of galaxies},
  author={Einasto, Jaan and Kaasik, Ants and Saar, Enn},
  year={1974},
  journal={Nature},
  volume={250},
  pages={309-310},
  publisher={Nature Publishing Group}
}

@article{Ostriker1974,
  title={The size and mass of galaxies, and the mass of the universe},
  author={Ostriker, JP and Peebles, PJE and Yahil, A},
  year={1974},
  journal={The Astrophysical Journal},
  volume={193},
  pages={L1-L4},
}

@inproceedings{Roberts1975,
  title={The rotation curves of galaxies},
  author={Roberts, MS},
  booktitle={Symposium-International Astronomical Union},
  volume={69},
  pages={331--340},
  year={1975},
  organization={Cambridge Univ Press},
}

@article{Bosma1978,
  title={The distribution and kinematics of neutral hydrogen in spiral galaxies of various morphological types},
  author={Bosma, Albert},
  year={1978}
}

@article{Matthews1978,
  title={The enormous mass of the elliptical galaxy M87-A model for the extended X-ray source},
  author={Mathews, William G},
  journal={The Astrophysical Journal},
  volume={219},
  pages={413--423},
  year={1978}
}

@article{PlanckLensing2013,
  title={Planck 2013 results. XVII. Gravitational lensing by large-scale structure},
  author={{Planck Collaboration}},
  journal={Astronomy \& Astrophysics},
  volume={571},
  pages={A17},
  year={2014},
  publisher={EDP Sciences},
  eprint={arXiv: 1303.5077},
}

@ARTICLE{ACT2013Lensing,
   author = {{Das}, S. and {Louis}, T. and {Nolta}, M.~R. and {Addison}, G.~E. and 
	{Battistelli}, E.~S. and {Bond}, J.~R. and {Calabrese}, E. and 
	{Crichton}, D. and {Devlin}, M.~J. and {Dicker}, S. and {Dunkley}, J. and 
	{D{\"u}nner}, R. and {Fowler}, J.~W. and {Gralla}, M. and {Hajian}, A. and 
	{Halpern}, M. and {Hasselfield}, M. and {Hilton}, M. and {Hincks}, A.~D. and 
	{Hlozek}, R. and {Huffenberger}, K.~M. and {Hughes}, J.~P. and 
	{Irwin}, K.~D. and {Kosowsky}, A. and {Lupton}, R.~H. and {Marriage}, T.~A. and 
	{Marsden}, D. and {Menanteau}, F. and {Moodley}, K. and {Niemack}, M.~D. and 
	{Page}, L.~A. and {Partridge}, B. and {Reese}, E.~D. and {Schmitt}, B.~L. and 
	{Sehgal}, N. and {Sherwin}, B.~D. and {Sievers}, J.~L. and {Spergel}, D.~N. and 
	{Staggs}, S.~T. and {Swetz}, D.~S. and {Switzer}, E.~R. and 
	{Thornton}, R. and {Trac}, H. and {Wollack}, E.},
    title = "{The Atacama Cosmology Telescope: temperature and gravitational lensing power spectrum measurements from three seasons of data}",
  journal = {Journal of Cosmology and Astroparticle Physics},
archivePrefix = "arXiv",
   eprint = {arXiv: 1301.1037},
     year = 2014,
    month = apr,
   volume = 4,
      eid = {014},
    pages = {014},
      doi = {10.1088/1475-7516/2014/04/014},
   adsurl = {http://adsabs.harvard.edu/abs/2014JCAP...04..014D},
  adsnote = {Provided by the SAO/NASA Astrophysics Data System}
}



@ARTICLE{Gillis2015,
   author = {{Gillis}, B.~R. and {Taylor}, A.~N.},
    title = "{A generalized method for measuring weak lensing magnification with weighted number counts}",
  journal = {Monthly Notices of the Royal Astronomical Society},
archivePrefix = "arXiv",
   eprint = {arXiv: 1507.01858},
 keywords = {gravitational lensing: weak, methods: statistical},
     year = 2016,
    month = mar,
   volume = 456,
    pages = {2518-2536},
      doi = {10.1093/mnras/stv2737},
   adsurl = {http://adsabs.harvard.edu/abs/2016MNRAS.456.2518G},
  adsnote = {Provided by the SAO/NASA Astrophysics Data System}
}


@ARTICLE{Casaponsa2013,
   author = {{Casaponsa}, B. and {Heavens}, A.~F. and {Kitching}, T.~D. and 
	{Miller}, L. and {Barreiro}, R.~B. and {Mart{\'{\i}}nez-Gonz{\'a}lez}, E.
	},
    title = "{Size magnification as a complement to cosmic shear}",
  journal = {Monthly Notices of the Royal Astronomical Society},
archivePrefix = "arXiv",
   eprint = {arXiv: 1209.1646},
 keywords = {gravitational lensing: weak, methods: data analysis},
     year = 2013,
    month = apr,
   volume = 430,
    pages = {2844-2853},
      doi = {10.1093/mnras/stt088},
   adsurl = {http://adsabs.harvard.edu/abs/2013MNRAS.430.2844C},
  adsnote = {Provided by the SAO/NASA Astrophysics Data System}
}

@ARTICLE{Alsing2015,
   author = {{Alsing}, J. and {Kirk}, D. and {Heavens}, A. and {Jaffe}, A.~H.
	},
    title = "{Weak lensing with sizes, magnitudes and shapes}",
  journal = {Monthly Notices of the Royal Astronomical Society},
archivePrefix = "arXiv",
   eprint = {arXiv: 1410.7839},
 keywords = {gravitational lensing: weak},
     year = 2015,
    month = sep,
   volume = 452,
    pages = {1202-1216},
      doi = {10.1093/mnras/stv1249},
   adsurl = {http://adsabs.harvard.edu/abs/2015MNRAS.452.1202A},
  adsnote = {Provided by the SAO/NASA Astrophysics Data System}
}

@ARTICLE{Kitching2010,
   author = {{Kitching}, T.~D. and {Taylor}, A.~N.},
    title = "{On mitigation of the uncertainty in non-linear matter clustering for cosmic shear tomography}",
  journal = {Monthly Notices of the Royal Astronomical Society},
archivePrefix = "arXiv",
   eprint = {arXiv: 1012.3479},
 keywords = {cosmology: theory, large-scale structure of Universe},
     year = 2011,
    month = sep,
   volume = 416,
    pages = {1717-1722},
      doi = {10.1111/j.1365-2966.2011.18772.x},
   adsurl = {http://adsabs.harvard.edu/abs/2011MNRAS.416.1717K},
  adsnote = {Provided by the SAO/NASA Astrophysics Data System}
}


@ARTICLE{Brown2002,
   author = {{Brown}, M.~L. and {Taylor}, A.~N. and {Hambly}, N.~C. and {Dye}, S.
	},
    title = "{Measurement of intrinsic alignments in galaxy ellipticities}",
  journal = {Monthly Notices of the Royal Astronomical Society},
   eprint = {arXiv: astro-ph/0009499},
 keywords = {gravitational lensing, galaxies: formation, cosmology: observations, large-scale structure of Universe, gravitational lensing, galaxies: formation, cosmology: observations, large-scale structure of Universe},
     year = 2002,
    month = jul,
   volume = 333,
    pages = {501-509},
      doi = {10.1046/j.1365-8711.2002.05354.x},
   adsurl = {http://adsabs.harvard.edu/abs/2002MNRAS.333..501B},
  adsnote = {Provided by the SAO/NASA Astrophysics Data System}
}

@ARTICLE{Mandelbaum2010,
   author = {{Mandelbaum}, R. and {Blake}, C. and {Bridle}, S. and {Abdalla}, F.~B. and 
	{Brough}, S. and {Colless}, M. and {Couch}, W. and {Croom}, S. and 
	{Davis}, T. and {Drinkwater}, M.~J. and {Forster}, K. and {Glazebrook}, K. and 
	{Jelliffe}, B. and {Jurek}, R.~J. and {Li}, I.-H. and {Madore}, B. and 
	{Martin}, C. and {Pimbblet}, K. and {Poole}, G.~B. and {Pracy}, M. and 
	{Sharp}, R. and {Wisnioski}, E. and {Woods}, D. and {Wyder}, T.
	},
    title = "{The WiggleZ Dark Energy Survey: direct constraints on blue galaxy intrinsic alignments at intermediate redshifts}",
  journal = {Monthly Notices of the Royal Astronomical Society},
archivePrefix = "arXiv",
   eprint = {arXiv: 0911.5347},
 keywords = {gravitational lensing: weak, galaxies: evolution, cosmology: observations, large-scale structure of Universe},
     year = 2011,
    month = jan,
   volume = 410,
    pages = {844-859},
      doi = {10.1111/j.1365-2966.2010.17485.x},
   adsurl = {http://adsabs.harvard.edu/abs/2011MNRAS.410..844M},
  adsnote = {Provided by the SAO/NASA Astrophysics Data System}
}

@ARTICLE{Park2010,
   author = {{Park}, M. and {Zurek}, K.~M. and {Watson}, S.},
    title = "{Unified approach to cosmic acceleration}",
  journal = {Physical Review D},
archivePrefix = "arXiv",
   eprint = {arXiv: 1003.1722},
 primaryClass = "hep-th",
 keywords = {Einstein-Maxwell spacetimes spacetimes with fluids radiation or classical fields, Particle-theory and field-theory models of the early Universe},
     year = 2010,
    month = jun,
   volume = 81,
   number = 12,
      eid = {124008},
    pages = {124008},
      doi = {10.1103/PhysRevD.81.124008},
   adsurl = {http://adsabs.harvard.edu/abs/2010PhRvD..81l4008P},
  adsnote = {Provided by the SAO/NASA Astrophysics Data System}
}

@ARTICLE{Lombriser2015,
   author = {{Lombriser}, L. and {Taylor}, A.},
    title = "{Classifying Linearly Shielded Modified Gravity Models in Effective Field Theory}",
  journal = {Physical Review Letters},
archivePrefix = "arXiv",
   eprint = {arXiv: 1405.2896},
 keywords = {Modified theories of gravity, Post-Newtonian approximation, perturbation theory, related approximations, Dark energy, Mathematical and relativistic aspects of cosmology},
     year = 2015,
    month = jan,
   volume = 114,
   number = 3,
      eid = {031101},
    pages = {031101},
      doi = {10.1103/PhysRevLett.114.031101},
   adsurl = {http://adsabs.harvard.edu/abs/2015PhRvL.114c1101L},
  adsnote = {Provided by the SAO/NASA Astrophysics Data System}
}

@ARTICLE{Lombriser2010,
   author = {{Lombriser}, L. and {Slosar}, A. and {Seljak}, U. and {Hu}, W.},
    title = "{Constraints on f(R) gravity from probing the large-scale structure}",
  journal = {Physical Review D},
archivePrefix = "arXiv",
   eprint = {arXiv: 1003.3009},
 keywords = {Modified theories of gravity, Experimental tests of gravitational theories},
     year = 2012,
    month = jun,
   volume = 85,
   number = 12,
      eid = {124038},
    pages = {124038},
      doi = {10.1103/PhysRevD.85.124038},
   adsurl = {http://adsabs.harvard.edu/abs/2012PhRvD..85l4038L},
  adsnote = {Provided by the SAO/NASA Astrophysics Data System}
}

@ARTICLE{Song2007,
   author = {{Song}, Y.-S. and {Hu}, W. and {Sawicki}, I.},
    title = "{Large scale structure of f(R) gravity}",
  journal = {Physical Review D},
   eprint = {arXiv: astro-ph/0610532},
 keywords = {Gravity in more than four dimensions Kaluza-Klein theory unified field theories, alternative theories of gravity, Cosmology},
     year = 2007,
    month = feb,
   volume = 75,
   number = 4,
      eid = {044004},
    pages = {044004},
      doi = {10.1103/PhysRevD.75.044004},
   adsurl = {http://adsabs.harvard.edu/abs/2007PhRvD..75d4004S},
  adsnote = {Provided by the SAO/NASA Astrophysics Data System}
}

@ARTICLE{Brax2011,
   author = {{Brax}, P. and {Burrage}, C. and {Davis}, A.-C.},
    title = "{Laboratory tests of the Galileon}",
  journal = {Journal of Cosmology and Astroparticle Physics},
archivePrefix = "arXiv",
   eprint = {arXiv: 1106.1573},
 primaryClass = "hep-ph",
     year = 2011,
    month = sep,
   volume = 9,
      eid = {020},
    pages = {020},
      doi = {10.1088/1475-7516/2011/09/020},
   adsurl = {http://adsabs.harvard.edu/abs/2011JCAP...09..020B},
  adsnote = {Provided by the SAO/NASA Astrophysics Data System}
}

@ARTICLE{Kaiser2016,
   author = {{Kaiser}, N. and {Peacock}, J.~A.},
    title = "{On the bias of the distance-redshift relation from gravitational lensing}",
  journal = {Monthly Notices of the Royal Astronomical Society},
archivePrefix = "arXiv",
   eprint = {arXiv: 1503.08506},
 keywords = {cosmic background radiation, cosmology: observations, cosmology: theory, distance scale},
     year = 2016,
    month = feb,
   volume = 455,
    pages = {4518-4547},
      doi = {10.1093/mnras/stv2585},
   adsurl = {http://adsabs.harvard.edu/abs/2016MNRAS.455.4518K},
  adsnote = {Provided by the SAO/NASA Astrophysics Data System}
}

@ARTICLE{Hall2016,
   author = {{Hall}, A. and {Taylor}, A.},
    title = "{Cosmic shear measurement with maximum likelihood and maximum a posteriori inference}",
  journal = {arXiv e-prints},
archivePrefix = "arXiv",
   eprint = {arXiv:1603.08431},
 keywords = {Astrophysics - Cosmology and Nongalactic Astrophysics},
     year = 2016,
    month = mar,
   adsurl = {http://adsabs.harvard.edu/abs/2016arXiv160308431H},
  adsnote = {Provided by the SAO/NASA Astrophysics Data System}
}

@ARTICLE{Kitching2016,
   author = {{Kitching}, T.~D. and {Taylor}, A.~N. and {Cropper}, M. and 
	{Hoekstra}, H. and {Hood}, R.~K.~E. and {Massey}, R. and {Niemi}, S.
	},
    title = "{On scale-dependent cosmic shear systematic effects}",
  journal = {\mnras},
archivePrefix = "arXiv",
   eprint = {1507.05334},
 keywords = {cosmology: theory, large-scale structure of Universe},
     year = 2016,
    month = jan,
   volume = 455,
    pages = {3319-3332},
      doi = {10.1093/mnras/stv2523},
   adsurl = {http://adsabs.harvard.edu/abs/2016MNRAS.455.3319K},
  adsnote = {Provided by the SAO/NASA Astrophysics Data System}
}

@ARTICLE{Joudaki2016,
   author = {{Joudaki}, S. and {Blake}, C. and {Heymans}, C. and {Choi}, A. and 
	{Harnois-Deraps}, J. and {Hildebrandt}, H. and {Joachimi}, B. and 
	{Johnson}, A. and {Mead}, A. and {Parkinson}, D. and {Viola}, M. and 
	{van Waerbeke}, L.},
    title = "{CFHTLenS revisited: assessing concordance with Planck including astrophysical systematics}",
  journal = {arXiv e-prints},
archivePrefix = "arXiv",
   eprint = {arXiv: 1601.05786},
 keywords = {Astrophysics - Cosmology and Nongalactic Astrophysics},
     year = 2016,
    month = jan,
   adsurl = {http://adsabs.harvard.edu/abs/2016arXiv160105786J},
  adsnote = {Provided by the SAO/NASA Astrophysics Data System}
}

@ARTICLE{Giannantonio2008,
   author = {{Giannantonio}, T. and {Scranton}, R. and {Crittenden}, R.~G. and 
	{Nichol}, R.~C. and {Boughn}, S.~P. and {Myers}, A.~D. and {Richards}, G.~T.
	},
    title = "{Combined analysis of the integrated Sachs-Wolfe effect and cosmological implications}",
  journal = {Physical Review D},
archivePrefix = "arXiv",
   eprint = {arXiv:0801.4380},
 keywords = {Observational cosmology, Quasars, Background radiations},
     year = 2008,
    month = jun,
   volume = 77,
   number = 12,
      eid = {123520},
    pages = {123520},
      doi = {10.1103/PhysRevD.77.123520},
   adsurl = {http://adsabs.harvard.edu/abs/2008PhRvD..77l3520G},
  adsnote = {Provided by the SAO/NASA Astrophysics Data System}
}

@ARTICLE{Hu2002,
   author = {{Hu}, W. and {Okamoto}, T.},
    title = "{Mass Reconstruction with Cosmic Microwave Background Polarization}",
  journal = {The Astrophysical Journal},
   eprint = {arXiv: astro-ph/0111606},
 keywords = {Cosmology: Cosmic Microwave Background, Cosmology: Dark Matter, Cosmology: Large-Scale Structure of Universe},
     year = 2002,
    month = aug,
   volume = 574,
    pages = {566-574},
      doi = {10.1086/341110},
   adsurl = {http://adsabs.harvard.edu/abs/2002ApJ...574..566H},
  adsnote = {Provided by the SAO/NASA Astrophysics Data System}
}

@article{Planck2013LFIsystematics,
	author = {{Planck Collaboration}},
	title = {Planck 2013 results. III. LFI systematic uncertainties},
	DOI= "10.1051/0004-6361/201321574",
	url= "http://dx.doi.org/10.1051/0004-6361/201321574",
	journal = {Astronomy \& Astrophysics},
	year = 2014,
	volume = 571,
	pages = "A3",
	month = "",
        eprint={arXiv: 1303.5064},
}

@ARTICLE{Planck2015LFIsystematics,
   author = {{Planck Collaboration}},
    title = "{Planck 2015 results. III. LFI systematic uncertainties}",
  journal = {arXiv e-prints},
archivePrefix = "arXiv",
   eprint = {arXiv: 1507.08853},
 keywords = {Astrophysics - Cosmology and Nongalactic Astrophysics},
     year = 2015,
    month = jul,
   adsurl = {http://adsabs.harvard.edu/abs/2015arXiv150708853P},
  adsnote = {Provided by the SAO/NASA Astrophysics Data System}
}

@article{Jarosik2011,
  title={SEVEN-YEAR WILKINSON MICROWAVE ANISOTROPY PROBE},
  author={Jarosik, N and Bennett, CL and Dunkley, J and Gold, B and Greason, MR and Halpern, M and Hill, RS and Hinshaw, G and Kogut, A and Komatsu, E and others},
  journal={The Astrophysical Journal Supplement Series},
  volume={192},
  number={2},
  pages={14},
  year={2011},
  publisher={IOP Publishing},
  eprint={arXiv: 1001.4744},
}

@ARTICLE{deJong2013,
   author = {{de Jong}, J.~T.~A. and {Verdoes Kleijn}, G.~A. and {Kuijken}, K.~H. and 
	{Valentijn}, E.~A.},
    title = "{The Kilo-Degree Survey}",
  journal = {Experimental Astronomy},
archivePrefix = "arXiv",
   eprint = {arXiv: 1206.1254},
 keywords = {Wide-field imaging, Survey system, VLT/VST, Weak gravitational lensing, Photometric redshifts},
     year = 2013,
    month = jan,
   volume = 35,
    pages = {25-44},
      doi = {10.1007/s10686-012-9306-1},
   adsurl = {http://adsabs.harvard.edu/abs/2013ExA....35...25D},
  adsnote = {Provided by the SAO/NASA Astrophysics Data System}
}

@misc{VanTrees1968,
  title={{Detection, estimation and modulation, Part I}},
  author={Van Trees, Harry L},
  year={1968},
  publisher={Wiley Press}
}

@ARTICLE{Bardeen1980,
   author = {{Bardeen}, J.~M.},
    title = "{Gauge-invariant cosmological perturbations}",
  journal = {Physical Review D},
     year = 1980,
    month = oct,
   volume = 22,
    pages = {1882-1905},
      doi = {10.1103/PhysRevD.22.1882},
   adsurl = {http://adsabs.harvard.edu/abs/1980PhRvD..22.1882B},
  adsnote = {Provided by the SAO/NASA Astrophysics Data System}
}

%%%%%%%%%%%%%%%%%%%%%%%%%%%%%%
% Papers to add to OMK paper %
%%%%%%%%%%%%%%%%%%%%%%%%%%%%%%

@ARTICLE{Pavlov2013,
   author = {{Pavlov}, A. and {Westmoreland}, S. and {Saaidi}, K. and {Ratra}, B.
	},
    title = "{Nonflat time-variable dark energy cosmology}",
  journal = {Physical Review D},
archivePrefix = "arXiv",
   eprint = {arXiv: 1307.7399},
 primaryClass = "astro-ph.CO",
 keywords = {Cosmology, Dark energy, Quantum field theory in curved spacetime, Particle-theory and field-theory models of the early Universe},
     year = 2013,
    month = dec,
   volume = 88,
   number = 12,
      eid = {123513},
    pages = {123513},
      doi = {10.1103/PhysRevD.88.123513},
   adsurl = {http://adsabs.harvard.edu/abs/2013PhRvD..88l3513P},
  adsnote = {Provided by the SAO/NASA Astrophysics Data System}
}

@ARTICLE{Farooq2015,
   author = {{Farooq}, O. and {Mania}, D. and {Ratra}, B.},
    title = "{Observational constraints on non-flat dynamical dark energy cosmological models}",
  journal = {Astrophysics and Space Science},
 keywords = {Dark energy, Dynamical cosmological models},
eprint    = {arXiv: 1308.0834},
     year = 2015,
    month = may,
   volume = 357,
      eid = {11},
    pages = {11},
      doi = {10.1007/s10509-015-2319-2},
   adsurl = {http://adsabs.harvard.edu/abs/2015Ap%26SS.357...11F},
  adsnote = {Provided by the SAO/NASA Astrophysics Data System}
}

@ARTICLE{Barrow2011,
   author = {{Barrow}, J.~D. and {Shaw}, D.~J.},
    title = "{New Solution of the Cosmological Constant Problems}",
  journal = {Physical Review Letters},
archivePrefix = "arXiv",
   eprint = {arXiv: 1007.3086},
 primaryClass = "gr-qc",
 keywords = {Particle-theory and field-theory models of the early Universe},
     year = 2011,
    month = mar,
   volume = 106,
   number = 10,
      eid = {101302},
    pages = {101302},
      doi = {10.1103/PhysRevLett.106.101302},
   adsurl = {http://adsabs.harvard.edu/abs/2011PhRvL.106j1302B},
  adsnote = {Provided by the SAO/NASA Astrophysics Data System}
}

% Not cited in the thesis, but should be cited in the new version of the paper when I get a change to read:
@ARTICLE{Valkenburgh2013,
   author = {{Valkenburg}, W. and {Kunz}, M. and {Marra}, V.},
    title = "{Intrinsic uncertainty on the nature of dark energy}",
  journal = {Physics of the Dark Universe},
archivePrefix = "arXiv",
   eprint = {arXiv: 1302.6588},
     year = 2013,
    month = dec,
   volume = 2,
    pages = {219-223},
      doi = {10.1016/j.dark.2014.01.001},
   adsurl = {http://adsabs.harvard.edu/abs/2013PDU.....2..219V},
  adsnote = {Provided by the SAO/NASA Astrophysics Data System}
}


@ARTICLE{Knox2006c,
   author = {{Knox}, L.},
    title = "{Precision measurement of the mean curvature}",
  journal = {Physical Review D},
   eprint = {arXiv: astro-ph/0503405},
 keywords = {Particle-theory and field-theory models of the early Universe, Background radiations},
     year = 2006,
    month = jan,
   volume = 73,
   number = 2,
      eid = {023503},
    pages = {023503},
      doi = {10.1103/PhysRevD.73.023503},
   adsurl = {http://adsabs.harvard.edu/abs/2006PhRvD..73b3503K},
  adsnote = {Provided by the SAO/NASA Astrophysics Data System}
}

@ARTICLE{Bull2015,
   author = {{Bull}, P. and {Camera}, S. and {Raccanelli}, A. and {Blake}, C. and 
	{Ferreira}, P. and {Santos}, M. and {Schwarz}, D.~J.},
    title = "{Measuring baryon acoustic oscillations with future SKA surveys}",
  journal = {Advancing Astrophysics with the Square Kilometre Array (AASKA14)},
archivePrefix = "arXiv",
   eprint = {1501.04088},
     year = 2015,
      eid = {24},
    pages = {24},
   adsurl = {http://adsabs.harvard.edu/abs/2015aska.confE..24B},
  adsnote = {Provided by the SAO/NASA Astrophysics Data System}
}


%%%%%%%%%%%%%%%%%%%%%%%%%%%%%%%%%%%%%%%%%%%%%%%%%%%

@ARTICLE{Scoccimarro2004,
   author = {{Scoccimarro}, R.},
    title = "{Redshift-space distortions, pairwise velocities, and nonlinearities}",
  journal = {Physical Review D},
   eprint = {arXiv: astro-ph/0407214},
 keywords = {Distances redshifts radial velocities, spatial distribution of galaxies, Superclusters, large-scale structure of the Universe},
     year = 2004,
    month = oct,
   volume = 70,
   number = 8,
      eid = {083007},
    pages = {083007},
      doi = {10.1103/PhysRevD.70.083007},
   adsurl = {http://adsabs.harvard.edu/abs/2004PhRvD..70h3007S},
  adsnote = {Provided by the SAO/NASA Astrophysics Data System}
}



@INPROCEEDINGS{Takada2010,
   author = {{Takada}, M.},
    title = "{Subaru Hyper Suprime-Cam Project}",
 keywords = {astronomical telescopes, sky surveys, dark matter, gravitational lenses, X- and gamma-ray telescopes and instrumentation, Astronomical catalogs atlases sky surveys databases retrieval systems archives etc., Dark energy, Relativity and gravitation},
booktitle = {American Institute of Physics Conference Series},
     year = 2010,
   series = {American Institute of Physics Conference Series},
   volume = 1279,
   editor = {{Kawai}, N. and {Nagataki}, S.},
    month = oct,
    pages = {120-127},
      doi = {10.1063/1.3509247},
   adsurl = {http://adsabs.harvard.edu/abs/2010AIPC.1279..120T},
  adsnote = {Provided by the SAO/NASA Astrophysics Data System}
}

@ARTICLE{Singh2016,
   author = {{Singh}, S. and {Mandelbaum}, R. and {Seljak}, U. and {Slosar}, A. and 
	{Vazquez Gonzalez}, J.},
    title = "{Galaxy-galaxy lensing estimators and their covariance properties}",
  journal = {ArXiv e-prints},
archivePrefix = "arXiv",
   eprint = {1611.00752},
 keywords = {Astrophysics - Cosmology and Nongalactic Astrophysics},
     year = 2016,
    month = nov,
   adsurl = {http://adsabs.harvard.edu/abs/2016arXiv161100752S},
  adsnote = {Provided by the SAO/NASA Astrophysics Data System}
}


